<?xml version="1.0" encoding="UTF-8"?>
<!DOCTYPE html PUBLIC "-//W3C//DTD XHTML 1.0 Transitional//EN"
    "http://www.w3.org/TR/xhtml1/DTD/xhtml1-transitional.dtd">
<html xmlns="http://www.w3.org/1999/xhtml" xml:lang="en" lang="en">
 <head>
  <title>
</title>
<meta http-equiv="Content-Type" content="text/html;charset=utf-8" />
  <meta name='ocr-system' content='tesseract 3.04.00' />
  <meta name='ocr-capabilities' content='ocr_page ocr_carea ocr_par ocr_line ocrx_word'/>
</head>
<body>
  <div class='ocr_page' id='page_1' title='image "./selectedlivesne00unkngoog_0057.png"; bbox 0 0 2992 4358; ppageno 0'>
   <div class='ocr_carea' id='block_1_1' title="bbox 178 198 908 289">
    <p class='ocr_par' dir='ltr' id='par_1_1' title="bbox 178 198 908 289">
     <span class='ocr_line' id='line_1_1' title="bbox 178 198 908 289; baseline 0.005 -24"><span class='ocrx_word' id='word_1_1' title='bbox 178 198 219 289; x_wconf 73' lang='lat'>28</span> <span class='ocrx_word' id='word_1_2' title='bbox 522 210 712 269; x_wconf 72' lang='lat' dir='ltr'>condant</span> <span class='ocrx_word' id='word_1_3' title='bbox 740 211 908 269; x_wconf 75' lang='lat' dir='ltr'>NEPOTIS</span> 
     </span>
    </p>
   </div>
   <div class='ocr_carea' id='block_1_2' title="bbox 178 393 1298 3869">
    <p class='ocr_par' dir='ltr' id='par_1_2' title="bbox 178 393 1298 3869">
     <span class='ocr_line' id='line_1_2' title="bbox 180 393 1247 480; baseline -0.002 -20"><span class='ocrx_word' id='word_1_4' title='bbox 180 416 284 480; x_wconf 92' lang='lat' dir='ltr'>quam</span> <span class='ocrx_word' id='word_1_5' title='bbox 308 395 343 459; x_wconf 90' lang='lat' dir='ltr'>in</span> <span class='ocrx_word' id='word_1_6' title='bbox 368 393 518 461; x_wconf 87' lang='lat' dir='ltr'>Siciliam</span> <span class='ocrx_word' id='word_1_7' title='bbox 544 415 624 460; x_wconf 90' lang='lat' dir='ltr'>eum</span> <span class='ocrx_word' id='word_1_8' title='bbox 650 394 846 479; x_wconf 90' lang='lat' dir='ltr'>pervenisse</span> <span class='ocrx_word' id='word_1_9' title='bbox 871 393 1101 473; x_wconf 90' lang='lat' dir='ltr'>crediderunt,</span> <span class='ocrx_word' id='word_1_10' title='bbox 1126 394 1247 460; x_wconf 90' lang='lat' dir='ltr'>absen-</span> 
     </span>
     <span class='ocr_line' id='line_1_3' title="bbox 180 503 1247 593; baseline -0.003 -23"><span class='ocrx_word' id='word_1_11' title='bbox 180 516 262 583; x_wconf 88' lang='lat' dir='ltr'>tem,</span> <span class='ocrx_word' id='word_1_12' title='bbox 285 504 380 589; x_wconf 90' lang='lat' dir='ltr'>quod</span> <span class='ocrx_word' id='word_1_13' title='bbox 402 526 497 570; x_wconf 88' lang='lat' dir='ltr'>sacra</span> <span class='ocrx_word' id='word_1_14' title='bbox 517 505 691 582; x_wconf 88' lang='lat' dir='ltr'>violasset,</span> <span class='ocrx_word' id='word_1_15' title='bbox 712 526 810 570; x_wconf 90' lang='lat' dir='ltr'>reum</span> <span class='ocrx_word' id='word_1_16' title='bbox 832 504 997 570; x_wconf 82' lang='lat' dir='ltr'>fecerunt.</span> <span class='ocrx_word' id='word_1_17' title='bbox 1045 504 1126 593; x_wconf 79' lang='lat' dir='ltr'>Qua</span> <span class='ocrx_word' id='word_1_18' title='bbox 1146 503 1190 569; x_wconf 87' lang='lat' dir='ltr'>de</span> <span class='ocrx_word' id='word_1_19' title='bbox 1211 511 1247 568; x_wconf 87' lang='lat' dir='ltr'>re</span> 
     </span>
     <span class='ocr_line' id='line_1_4' title="bbox 179 613 1247 699; baseline -0.004 -19"><span class='ocrx_word' id='word_1_20' title='bbox 179 620 305 680; x_wconf 89' lang='lat' dir='ltr'>cumei</span> <span class='ocrx_word' id='word_1_21' title='bbox 320 614 461 679; x_wconf 81' lang='lat' dir='ltr'>nuntius</span> <span class='ocrx_word' id='word_1_22' title='bbox 476 619 496 679; x_wconf 96' lang='lat' dir='ltr'>a</span> <span class='ocrx_word' id='word_1_23' title='bbox 512 614 717 699; x_wconf 79' lang='lat' dir='ltr'>magistratu</span> <span class='ocrx_word' id='word_1_24' title='bbox 734 614 768 678; x_wconf 92' lang='lat' dir='ltr'>in</span> <span class='ocrx_word' id='word_1_25' title='bbox 785 613 936 679; x_wconf 87' lang='lat' dir='ltr'>Siciliam</span> <span class='ocrx_word' id='word_1_26' title='bbox 952 613 1076 678; x_wconf 91' lang='lat' dir='ltr'>missus</span> <span class='ocrx_word' id='word_1_27' title='bbox 1093 622 1192 690; x_wconf 89' lang='lat' dir='ltr'>esset,</span> <span class='ocrx_word' id='word_1_28' title='bbox 1209 622 1247 677; x_wconf 88' lang='lat' dir='ltr'>ut</span> 
     </span>
     <span class='ocr_line' id='line_1_5' title="bbox 179 721 1247 806; baseline -0.003 -17"><span class='ocrx_word' id='word_1_29' title='bbox 179 723 324 789; x_wconf 93' lang='lat' dir='ltr'>domum</span> <span class='ocrx_word' id='word_1_30' title='bbox 341 723 385 788; x_wconf 89' lang='lat' dir='ltr'>ad</span> <span class='ocrx_word' id='word_1_31' title='bbox 403 743 541 789; x_wconf 89' lang='lat' dir='ltr'>causam</span> <span class='ocrx_word' id='word_1_32' title='bbox 560 722 743 789; x_wconf 85' lang='lat' dir='ltr'>dicendam</span> <span class='ocrx_word' id='word_1_33' title='bbox 761 722 899 801; x_wconf 82' lang='lat' dir='ltr'>rediret,</span> <span class='ocrx_word' id='word_1_34' title='bbox 919 733 1078 806; x_wconf 86' lang='lat' dir='ltr'>essetque</span> <span class='ocrx_word' id='word_1_35' title='bbox 1097 721 1131 786; x_wconf 91' lang='lat' dir='ltr'>in</span> <span class='ocrx_word' id='word_1_36' title='bbox 1150 727 1247 806; x_wconf 90' lang='lat' dir='ltr'>mag·</span> 
     </span>
     <span class='ocr_line' id='line_1_6' title="bbox 180 832 1280 916; baseline 0.003 -20"><span class='ocrx_word' id='word_1_37' title='bbox 180 839 224 898; x_wconf 90' lang='lat' dir='ltr'>na</span> <span class='ocrx_word' id='word_1_38' title='bbox 241 839 302 916; x_wconf 93' lang='lat' dir='ltr'>spe</span> <span class='ocrx_word' id='word_1_39' title='bbox 318 833 516 916; x_wconf 83' lang='lat' dir='ltr'>provinciae</span> <span class='ocrx_word' id='word_1_40' title='bbox 535 833 622 899; x_wconf 91' lang='lat' dir='ltr'>benc</span> <span class='ocrx_word' id='word_1_41' title='bbox 640 832 940 909; x_wconf 86' lang='lat' dir='ltr'>administrandae,</span> <span class='ocrx_word' id='word_1_42' title='bbox 959 838 1030 896; x_wconf 77' lang='lat' dir='ltr'>nan</span> <span class='ocrx_word' id='word_1_43' title='bbox 1048 837 1167 916; x_wconf 88' lang='lat' dir='ltr'>parere</span> <span class='ocrx_word' id='word_1_44' title='bbox 1186 835 1247 895; x_wconf 78' lang='lat' dir='ltr'>ne·</span> <span class='ocrx_word' id='word_1_45' title='bbox 1266 849 1280 899; x_wconf 82' lang='lat'><strong>5</strong></span> 
     </span>
     <span class='ocr_line' id='line_1_7' title="bbox 180 940 1246 1026; baseline -0.003 -19"><span class='ocrx_word' id='word_1_46' title='bbox 180 942 242 1007; x_wconf 92' lang='lat' dir='ltr'>luit</span> <span class='ocrx_word' id='word_1_47' title='bbox 268 952 302 1007; x_wconf 90' lang='lat' dir='ltr'>et</span> <span class='ocrx_word' id='word_1_48' title='bbox 328 942 363 1006; x_wconf 92' lang='lat' dir='ltr'>in</span> <span class='ocrx_word' id='word_1_49' title='bbox 388 942 574 1019; x_wconf 80' lang='lat' dir='ltr'>triremem,</span> <span class='ocrx_word' id='word_1_50' title='bbox 601 963 691 1026; x_wconf 93' lang='lat' dir='ltr'>quae</span> <span class='ocrx_word' id='word_1_51' title='bbox 718 941 761 1006; x_wconf 93' lang='lat' dir='ltr'>ad</span> <span class='ocrx_word' id='word_1_52' title='bbox 789 962 869 1007; x_wconf 93' lang='lat' dir='ltr'>eum</span> <span class='ocrx_word' id='word_1_53' title='bbox 895 951 966 1006; x_wconf 88' lang='lat' dir='ltr'>erat</span> <span class='ocrx_word' id='word_1_54' title='bbox 992 940 1246 1024; x_wconf 89' lang='lat' dir='ltr'>deportandum</span> 
     </span>
     <span class='ocr_line' id='line_1_8' title="bbox 178 1030 1246 1133; baseline -0.002 -19"><span class='ocrx_word' id='word_1_55' title='bbox 178 1051 292 1128; x_wconf 86' lang='lat' dir='ltr'>missa,</span> <span class='ocrx_word' id='word_1_56' title='bbox 319 1051 483 1117; x_wconf 88' lang='lat' dir='ltr'>ascendit.</span> <span class='ocrx_word' id='word_1_57' title='bbox 537 1051 616 1117; x_wconf 89' lang='lat' dir='ltr'>Hac</span> <span class='ocrx_word' id='word_1_58' title='bbox 644 1050 795 1115; x_wconf 80' lang='lat' dir='ltr'>Thurios</span> <span class='ocrx_word' id='word_1_59' title='bbox 824 1050 859 1114; x_wconf 93' lang='lat' dir='ltr'>in</span> <span class='ocrx_word' id='word_1_60' title='bbox 887 1030 1024 1115; x_wconf 77' lang='lat' dir='ltr'>ltaliam</span> <span class='ocrx_word' id='word_1_61' title='bbox 1054 1058 1246 1133; x_wconf 87' lang='lat' dir='ltr'>pervectus,</span> 
     </span>
     <span class='ocr_line' id='line_1_9' title="bbox 180 1158 1247 1244; baseline -0.002 -21"><span class='ocrx_word' id='word_1_62' title='bbox 180 1161 290 1226; x_wconf 90' lang='lat' dir='ltr'>multa</span> <span class='ocrx_word' id='word_1_63' title='bbox 310 1166 429 1226; x_wconf 92' lang='lat' dir='ltr'>secum</span> <span class='ocrx_word' id='word_1_64' title='bbox 451 1166 614 1244; x_wconf 86' lang='lat' dir='ltr'>reputans</span> <span class='ocrx_word' id='word_1_65' title='bbox 636 1159 679 1225; x_wconf 91' lang='lat' dir='ltr'>de</span> <span class='ocrx_word' id='word_1_66' title='bbox 701 1159 931 1225; x_wconf 87' lang='lat' dir='ltr'>immoderata</span> <span class='ocrx_word' id='word_1_67' title='bbox 953 1158 1082 1224; x_wconf 91' lang='lat' dir='ltr'>civium</span> <span class='ocrx_word' id='word_1_68' title='bbox 1103 1164 1247 1223; x_wconf 80' lang='lat' dir='ltr'>suerum</span> 
     </span>
     <span class='ocr_line' id='line_1_10' title="bbox 181 1267 1248 1354; baseline -0.004 -20"><span class='ocrx_word' id='word_1_69' title='bbox 181 1269 317 1336; x_wconf 90' lang='lat' dir='ltr'>licentia</span> <span class='ocrx_word' id='word_1_70' title='bbox 340 1270 612 1353; x_wconf 82' lang='lat' dir='ltr'>cradelitathue</span> <span class='ocrx_word' id='word_1_71' title='bbox 637 1276 720 1354; x_wconf 90' lang='lat' dir='ltr'>erga</span> <span class='ocrx_word' id='word_1_72' title='bbox 743 1269 886 1347; x_wconf 84' lang='lat' dir='ltr'>nobiles,</span> <span class='ocrx_word' id='word_1_73' title='bbox 910 1267 1130 1333; x_wconf 83' lang='lat' dir='ltr'>utilissimum</span> <span class='ocrx_word' id='word_1_74' title='bbox 1155 1276 1248 1331; x_wconf 89' lang='lat' dir='ltr'>ratus</span> 
     </span>
     <span class='ocr_line' id='line_1_11' title="bbox 179 1373 1298 1463; baseline 0.001 -19"><span class='ocrx_word' id='word_1_75' title='bbox 179 1377 438 1463; x_wconf 90' lang='lat' dir='ltr'>impendentem</span> <span class='ocrx_word' id='word_1_76' title='bbox 455 1384 584 1444; x_wconf 90' lang='lat' dir='ltr'>evitare</span> <span class='ocrx_word' id='word_1_77' title='bbox 601 1383 857 1462; x_wconf 76' lang='lat' dir='ltr'>tempestatem,</span> <span class='ocrx_word' id='word_1_78' title='bbox 876 1377 964 1442; x_wconf 90' lang='lat' dir='ltr'>clam</span> <span class='ocrx_word' id='word_1_79' title='bbox 981 1383 1018 1442; x_wconf 89' lang='lat' dir='ltr'>se</span> <span class='ocrx_word' id='word_1_80' title='bbox 1034 1377 1077 1441; x_wconf 92' lang='lat' dir='ltr'>ab</span> <span class='ocrx_word' id='word_1_81' title='bbox 1096 1373 1247 1441; x_wconf 77' lang='lat' dir='ltr'>custadi-</span> <span class='ocrx_word' id='word_1_82' title='bbox 1267 1408 1298 1445; x_wconf 92' lang='lat'>10</span> 
     </span>
     <span class='ocr_line' id='line_1_12' title="bbox 180 1468 1247 1572; baseline -0.004 -19"><span class='ocrx_word' id='word_1_83' title='bbox 180 1489 244 1553; x_wconf 93' lang='lat' dir='ltr'>bus</span> <span class='ocrx_word' id='word_1_84' title='bbox 273 1487 439 1554; x_wconf 79' lang='lat' dir='ltr'>subduxit</span> <span class='ocrx_word' id='word_1_85' title='bbox 468 1498 503 1554; x_wconf 95' lang='lat' dir='ltr'>et</span> <span class='ocrx_word' id='word_1_86' title='bbox 531 1487 611 1555; x_wconf 93' lang='lat' dir='ltr'>inde</span> <span class='ocrx_word' id='word_1_87' title='bbox 640 1494 791 1572; x_wconf 92' lang='lat' dir='ltr'>primum</span> <span class='ocrx_word' id='word_1_88' title='bbox 821 1468 969 1564; x_wconf 67' lang='lat' dir='ltr'>Elidem,</span> <span class='ocrx_word' id='word_1_89' title='bbox 1000 1485 1079 1552; x_wconf 92' lang='lat' dir='ltr'>dein</span> <span class='ocrx_word' id='word_1_90' title='bbox 1109 1485 1247 1550; x_wconf 79' lang='lat' dir='ltr'>Thebas</span> 
     </span>
     <span class='ocr_line' id='line_1_13' title="bbox 179 1595 1247 1681; baseline -0.005 -18"><span class='ocrx_word' id='word_1_91' title='bbox 179 1598 283 1663; x_wconf 90' lang='lat' dir='ltr'>venit.</span> <span class='ocrx_word' id='word_1_92' title='bbox 337 1596 527 1681; x_wconf 89' lang='lat' dir='ltr'>Postquam</span> <span class='ocrx_word' id='word_1_93' title='bbox 554 1608 670 1663; x_wconf 91' lang='lat' dir='ltr'>autem</span> <span class='ocrx_word' id='word_1_94' title='bbox 699 1603 735 1663; x_wconf 93' lang='lat' dir='ltr'>se</span> <span class='ocrx_word' id='word_1_95' title='bbox 763 1596 884 1680; x_wconf 92' lang='lat' dir='ltr'>capitis</span> <span class='ocrx_word' id='word_1_96' title='bbox 913 1595 1118 1661; x_wconf 88' lang='lat' dir='ltr'>damnatum</span> <span class='ocrx_word' id='word_1_97' title='bbox 1146 1596 1247 1661; x_wconf 92' lang='lat' dir='ltr'>bonis</span> 
     </span>
     <span class='ocr_line' id='line_1_14' title="bbox 181 1707 1246 1792; baseline -0.002 -20"><span class='ocrx_word' id='word_1_98' title='bbox 181 1708 363 1792; x_wconf 82' lang='lat' dir='ltr'>publicatis</span> <span class='ocrx_word' id='word_1_99' title='bbox 381 1707 523 1786; x_wconf 87' lang='lat' dir='ltr'>audivit,</span> <span class='ocrx_word' id='word_1_100' title='bbox 544 1718 589 1785; x_wconf 92' lang='lat' dir='ltr'>et,</span> <span class='ocrx_word' id='word_1_101' title='bbox 609 1708 643 1772; x_wconf 93' lang='lat' dir='ltr'>id</span> <span class='ocrx_word' id='word_1_102' title='bbox 662 1707 756 1791; x_wconf 90' lang='lat' dir='ltr'>quod</span> <span class='ocrx_word' id='word_1_103' title='bbox 775 1728 966 1791; x_wconf 89' lang='lat' dir='ltr'>numquam</span> <span class='ocrx_word' id='word_1_104' title='bbox 985 1712 1086 1771; x_wconf 89' lang='lat' dir='ltr'>antea</span> <span class='ocrx_word' id='word_1_105' title='bbox 1105 1710 1170 1770; x_wconf 78' lang='lat' dir='ltr'>usti</span> <span class='ocrx_word' id='word_1_106' title='bbox 1189 1710 1246 1771; x_wconf 88' lang='lat' dir='ltr'>ve-</span> 
     </span>
     <span class='ocr_line' id='line_1_15' title="bbox 180 1815 1247 1900; baseline -0.001 -21"><span class='ocrx_word' id='word_1_107' title='bbox 180 1826 287 1894; x_wconf 89' lang='lat' dir='ltr'>nerat,</span> <span class='ocrx_word' id='word_1_108' title='bbox 313 1815 541 1900; x_wconf 73' lang='lat' dir='ltr'>Eumolpidas</span> <span class='ocrx_word' id='word_1_109' title='bbox 565 1816 762 1882; x_wconf 79' lang='lat' dir='ltr'>sacerdrites</span> <span class='ocrx_word' id='word_1_110' title='bbox 784 1821 804 1881; x_wconf 94' lang='lat' dir='ltr'>a</span> <span class='ocrx_word' id='word_1_111' title='bbox 827 1816 959 1900; x_wconf 78' lang='lat' dir='ltr'>popule</span> <span class='ocrx_word' id='word_1_112' title='bbox 983 1821 1124 1881; x_wconf 75' lang='lat' dir='ltr'>coactas</span> <span class='ocrx_word' id='word_1_113' title='bbox 1148 1825 1186 1882; x_wconf 94' lang='lat' dir='ltr'>ut</span> <span class='ocrx_word' id='word_1_114' title='bbox 1210 1819 1247 1880; x_wconf 94' lang='lat' dir='ltr'>se</span> 
     </span>
     <span class='ocr_line' id='line_1_16' title="bbox 180 1924 1296 2010; baseline 0.002 -21"><span class='ocrx_word' id='word_1_115' title='bbox 180 1925 401 2003; x_wconf 77' lang='lat' dir='ltr'>devoverent,</span> <span class='ocrx_word' id='word_1_116' title='bbox 419 1924 562 2008; x_wconf 89' lang='lat' dir='ltr'>eiusque</span> <span class='ocrx_word' id='word_1_117' title='bbox 582 1925 779 1992; x_wconf 79' lang='lat' dir='ltr'>devetieuis</span> <span class='ocrx_word' id='word_1_118' title='bbox 797 1931 868 2010; x_wconf 79' lang='lat' dir='ltr'>que</span> <span class='ocrx_word' id='word_1_119' title='bbox 887 1924 1049 1991; x_wconf 89' lang='lat' dir='ltr'>testatior</span> <span class='ocrx_word' id='word_1_120' title='bbox 1067 1935 1155 1991; x_wconf 92' lang='lat' dir='ltr'>esset</span> <span class='ocrx_word' id='word_1_121' title='bbox 1174 1945 1246 1989; x_wconf 91' lang='lat' dir='ltr'>me·</span> <span class='ocrx_word' id='word_1_122' title='bbox 1266 1953 1296 2004; x_wconf 82' lang='lat'>15</span> 
     </span>
     <span class='ocr_line' id='line_1_17' title="bbox 180 2033 1247 2119; baseline 0.002 -22"><span class='ocrx_word' id='word_1_123' title='bbox 180 2034 299 2111; x_wconf 86' lang='lat' dir='ltr'>moria,</span> <span class='ocrx_word' id='word_1_124' title='bbox 319 2034 518 2118; x_wconf 90' lang='lat' dir='ltr'>exemplum</span> <span class='ocrx_word' id='word_1_125' title='bbox 537 2034 572 2099; x_wconf 90' lang='lat' dir='ltr'>in</span> <span class='ocrx_word' id='word_1_126' title='bbox 591 2036 660 2119; x_wconf 89' lang='lat' dir='ltr'>pila</span> <span class='ocrx_word' id='word_1_127' title='bbox 678 2035 813 2119; x_wconf 90' lang='lat' dir='ltr'>lapidea</span> <span class='ocrx_word' id='word_1_128' title='bbox 832 2035 979 2100; x_wconf 88' lang='lat' dir='ltr'>incisum</span> <span class='ocrx_word' id='word_1_129' title='bbox 999 2055 1073 2100; x_wconf 92' lang='lat' dir='ltr'>esse</span> <span class='ocrx_word' id='word_1_130' title='bbox 1093 2033 1247 2118; x_wconf 91' lang='lat' dir='ltr'>positum</span> 
     </span>
     <span class='ocr_line' id='line_1_18' title="bbox 180 2142 1246 2229; baseline 0.002 -22"><span class='ocrx_word' id='word_1_131' title='bbox 180 2143 215 2207; x_wconf 92' lang='lat' dir='ltr'>in</span> <span class='ocrx_word' id='word_1_132' title='bbox 241 2143 391 2227; x_wconf 80' lang='lat' dir='ltr'>publico,</span> <span class='ocrx_word' id='word_1_133' title='bbox 420 2144 721 2210; x_wconf 89' lang='lat' dir='ltr'>Lacedaemonem</span> <span class='ocrx_word' id='word_1_134' title='bbox 748 2143 963 2229; x_wconf 88' lang='lat' dir='ltr'>demigravit.</span> <span class='ocrx_word' id='word_1_135' title='bbox 1017 2144 1080 2222; x_wconf 90' lang='lat' dir='ltr'>Ibi,</span> <span class='ocrx_word' id='word_1_136' title='bbox 1108 2154 1146 2209; x_wconf 94' lang='lat' dir='ltr'>ut</span> <span class='ocrx_word' id='word_1_137' title='bbox 1172 2142 1246 2227; x_wconf 90' lang='lat' dir='ltr'>ipse</span> 
     </span>
     <span class='ocr_line' id='line_1_19' title="bbox 180 2251 1247 2337; baseline 0.002 -21"><span class='ocrx_word' id='word_1_138' title='bbox 180 2253 377 2337; x_wconf 89' lang='lat' dir='ltr'>praedicare</span> <span class='ocrx_word' id='word_1_139' title='bbox 404 2259 598 2331; x_wconf 80' lang='lat' dir='ltr'>censuerat,</span> <span class='ocrx_word' id='word_1_140' title='bbox 625 2260 696 2320; x_wconf 84' lang='lat' dir='ltr'>non</span> <span class='ocrx_word' id='word_1_141' title='bbox 722 2254 887 2320; x_wconf 91' lang='lat' dir='ltr'>adversus</span> <span class='ocrx_word' id='word_1_142' title='bbox 913 2253 1070 2337; x_wconf 89' lang='lat' dir='ltr'>patriam,</span> <span class='ocrx_word' id='word_1_143' title='bbox 1098 2252 1157 2320; x_wconf 90' lang='lat' dir='ltr'>sed</span> <span class='ocrx_word' id='word_1_144' title='bbox 1184 2251 1247 2318; x_wconf 93' lang='lat' dir='ltr'>ini·</span> 
     </span>
     <span class='ocr_line' id='line_1_20' title="bbox 179 2361 1247 2447; baseline 0.002 -22"><span class='ocrx_word' id='word_1_145' title='bbox 179 2368 289 2427; x_wconf 81' lang='lat' dir='ltr'>micos</span> <span class='ocrx_word' id='word_1_146' title='bbox 307 2368 389 2428; x_wconf 78' lang='lat' dir='ltr'>sues</span> <span class='ocrx_word' id='word_1_147' title='bbox 405 2363 533 2428; x_wconf 89' lang='lat' dir='ltr'>bellum</span> <span class='ocrx_word' id='word_1_148' title='bbox 553 2362 671 2447; x_wconf 87' lang='lat' dir='ltr'>gessit,</span> <span class='ocrx_word' id='word_1_149' title='bbox 692 2369 751 2447; x_wconf 92' lang='lat' dir='ltr'>qui</span> <span class='ocrx_word' id='word_1_150' title='bbox 769 2362 873 2427; x_wconf 91' lang='lat' dir='ltr'>iidem</span> <span class='ocrx_word' id='word_1_151' title='bbox 893 2363 1011 2428; x_wconf 87' lang='lat' dir='ltr'>hostes</span> <span class='ocrx_word' id='word_1_152' title='bbox 1031 2373 1146 2429; x_wconf 87' lang='lat' dir='ltr'>essent</span> <span class='ocrx_word' id='word_1_153' title='bbox 1165 2361 1247 2427; x_wconf 89' lang='lat' dir='ltr'>civi-</span> 
     </span>
     <span class='ocr_line' id='line_1_21' title="bbox 179 2471 1298 2558; baseline 0.002 -20"><span class='ocrx_word' id='word_1_154' title='bbox 179 2477 255 2550; x_wconf 91' lang='lat' dir='ltr'>tati;</span> <span class='ocrx_word' id='word_1_155' title='bbox 271 2492 349 2537; x_wconf 90' lang='lat' dir='ltr'>nam</span> <span class='ocrx_word' id='word_1_156' title='bbox 363 2493 443 2536; x_wconf 91' lang='lat' dir='ltr'>cum</span> <span class='ocrx_word' id='word_1_157' title='bbox 458 2472 697 2556; x_wconf 87' lang='lat' dir='ltr'>intellegerent</span> <span class='ocrx_word' id='word_1_158' title='bbox 711 2478 747 2537; x_wconf 93' lang='lat' dir='ltr'>se</span> <span class='ocrx_word' id='word_1_159' title='bbox 761 2472 950 2555; x_wconf 79' lang='lat' dir='ltr'>plurimum</span> <span class='ocrx_word' id='word_1_160' title='bbox 965 2471 1130 2556; x_wconf 77' lang='lat' dir='ltr'>predessc</span> <span class='ocrx_word' id='word_1_161' title='bbox 1144 2492 1246 2558; x_wconf 90' lang='lat' dir='ltr'>posse</span> <span class='ocrx_word' id='word_1_162' title='bbox 1265 2502 1298 2540; x_wconf 64' lang='grc' dir='ltr'>ιο</span> 
     </span>
     <span class='ocr_line' id='line_1_22' title="bbox 179 2581 1246 2665; baseline -0.001 -20"><span class='ocrx_word' id='word_1_163' title='bbox 179 2586 230 2646; x_wconf 90' lang='lat' dir='ltr'>rei</span> <span class='ocrx_word' id='word_1_164' title='bbox 257 2581 423 2664; x_wconf 80' lang='lat' dir='ltr'>publicae,</span> <span class='ocrx_word' id='word_1_165' title='bbox 452 2602 496 2646; x_wconf 86' lang='lat' dir='ltr'>ex</span> <span class='ocrx_word' id='word_1_166' title='bbox 523 2587 564 2647; x_wconf 90' lang='lat' dir='ltr'>ea</span> <span class='ocrx_word' id='word_1_167' title='bbox 590 2581 730 2647; x_wconf 87' lang='lat' dir='ltr'>eiecisse</span> <span class='ocrx_word' id='word_1_168' title='bbox 758 2582 906 2665; x_wconf 80' lang='lat' dir='ltr'>plusque</span> <span class='ocrx_word' id='word_1_169' title='bbox 933 2587 1003 2648; x_wconf 89' lang='lat' dir='ltr'>irae</span> <span class='ocrx_word' id='word_1_170' title='bbox 1031 2602 1113 2647; x_wconf 89' lang='lat' dir='ltr'>suae</span> <span class='ocrx_word' id='word_1_171' title='bbox 1141 2601 1246 2665; x_wconf 90' lang='lat' dir='ltr'>quam</span> 
     </span>
     <span class='ocr_line' id='line_1_23' title="bbox 180 2689 1245 2775; baseline 0.001 -20"><span class='ocrx_word' id='word_1_172' title='bbox 180 2690 321 2756; x_wconf 77' lang='lat' dir='ltr'>utilitati</span> <span class='ocrx_word' id='word_1_173' title='bbox 358 2696 537 2756; x_wconf 79' lang='lat' dir='ltr'>communi</span> <span class='ocrx_word' id='word_1_174' title='bbox 574 2691 738 2774; x_wconf 86' lang='lat' dir='ltr'>paruisse.</span> <span class='ocrx_word' id='word_1_175' title='bbox 801 2691 925 2775; x_wconf 90' lang='lat' dir='ltr'>Itaque</span> <span class='ocrx_word' id='word_1_176' title='bbox 963 2690 1065 2756; x_wconf 78' lang='lat' dir='ltr'>huius</span> <span class='ocrx_word' id='word_1_177' title='bbox 1100 2689 1245 2756; x_wconf 80' lang='lat' dir='ltr'>censilie</span> 
     </span>
     <span class='ocr_line' id='line_1_24' title="bbox 179 2800 1245 2885; baseline 0 -20"><span class='ocrx_word' id='word_1_178' title='bbox 179 2800 448 2866; x_wconf 88' lang='lat' dir='ltr'>Lacedaemonii</span> <span class='ocrx_word' id='word_1_179' title='bbox 465 2821 545 2865; x_wconf 90' lang='lat' dir='ltr'>cum</span> <span class='ocrx_word' id='word_1_180' title='bbox 562 2800 665 2865; x_wconf 89' lang='lat' dir='ltr'>Perse</span> <span class='ocrx_word' id='word_1_181' title='bbox 682 2807 764 2885; x_wconf 89' lang='lat' dir='ltr'>rege</span> <span class='ocrx_word' id='word_1_182' title='bbox 781 2801 966 2867; x_wconf 90' lang='lat' dir='ltr'>amicitiam</span> <span class='ocrx_word' id='word_1_183' title='bbox 984 2801 1149 2879; x_wconf 88' lang='lat' dir='ltr'>lecerunt,</span> <span class='ocrx_word' id='word_1_184' title='bbox 1167 2800 1245 2866; x_wconf 92' lang='lat' dir='ltr'>dein</span> 
     </span>
     <span class='ocr_line' id='line_1_25' title="bbox 179 2908 1246 2995; baseline 0 -19"><span class='ocrx_word' id='word_1_185' title='bbox 179 2910 368 2976; x_wconf 89' lang='lat' dir='ltr'>Deceleam</span> <span class='ocrx_word' id='word_1_186' title='bbox 387 2908 421 2973; x_wconf 91' lang='lat' dir='ltr'>in</span> <span class='ocrx_word' id='word_1_187' title='bbox 440 2909 559 2975; x_wconf 88' lang='lat' dir='ltr'>Attica</span> <span class='ocrx_word' id='word_1_188' title='bbox 578 2909 777 2975; x_wconf 80' lang='lat' dir='ltr'>munierunt</span> <span class='ocrx_word' id='word_1_189' title='bbox 797 2910 1037 2995; x_wconf 80' lang='lat' dir='ltr'>praesidioque</span> <span class='ocrx_word' id='word_1_190' title='bbox 1058 2910 1104 2975; x_wconf 88' lang='lat' dir='ltr'>ibi</span> <span class='ocrx_word' id='word_1_191' title='bbox 1125 2931 1246 2995; x_wconf 88' lang='lat' dir='ltr'>perpe·</span> 
     </span>
     <span class='ocr_line' id='line_1_26' title="bbox 178 3002 1295 3103; baseline 0.001 -17"><span class='ocrx_word' id='word_1_192' title='bbox 178 3027 241 3086; x_wconf 77' lang='lat' dir='ltr'>tue</span> <span class='ocrx_word' id='word_1_193' title='bbox 262 3020 377 3103; x_wconf 83' lang='lat' dir='ltr'>posito</span> <span class='ocrx_word' id='word_1_194' title='bbox 398 3019 432 3083; x_wconf 92' lang='lat' dir='ltr'>in</span> <span class='ocrx_word' id='word_1_195' title='bbox 453 3019 635 3085; x_wconf 84' lang='lat' dir='ltr'>obsidione</span> <span class='ocrx_word' id='word_1_196' title='bbox 656 3020 813 3086; x_wconf 86' lang='lat' dir='ltr'>Athenas</span> <span class='ocrx_word' id='word_1_197' title='bbox 834 3027 1030 3087; x_wconf 91' lang='lat' dir='ltr'>tenuerunt.</span> <span class='ocrx_word' id='word_1_198' title='bbox 1078 3002 1245 3087; x_wconf 67' lang='lat' dir='ltr'>Eiusdem</span> <span class='ocrx_word' id='word_1_199' title='bbox 1264 3048 1295 3098; x_wconf 81' lang='lat'>25</span> 
     </span>
     <span class='ocr_line' id='line_1_27' title="bbox 179 3126 1243 3214; baseline 0 -18"><span class='ocrx_word' id='word_1_200' title='bbox 179 3137 285 3214; x_wconf 88' lang='lat' dir='ltr'>opera</span> <span class='ocrx_word' id='word_1_201' title='bbox 317 3130 452 3195; x_wconf 82' lang='lat' dir='ltr'>Ioniam</span> <span class='ocrx_word' id='word_1_202' title='bbox 484 3136 504 3195; x_wconf 93' lang='lat' dir='ltr'>a</span> <span class='ocrx_word' id='word_1_203' title='bbox 535 3129 701 3196; x_wconf 91' lang='lat' dir='ltr'>societate</span> <span class='ocrx_word' id='word_1_204' title='bbox 734 3126 933 3196; x_wconf 91' lang='lat' dir='ltr'>averterunt</span> <span class='ocrx_word' id='word_1_205' title='bbox 967 3131 1243 3197; x_wconf 87' lang='lat' dir='ltr'>Atheniensium.</span> 
     </span>
     <span class='ocr_line' id='line_1_28' title="bbox 179 3235 1297 3323; baseline -0.003 -19"><span class='ocrx_word' id='word_1_206' title='bbox 179 3238 263 3323; x_wconf 78' lang='lat' dir='ltr'>Qua</span> <span class='ocrx_word' id='word_1_207' title='bbox 280 3238 373 3303; x_wconf 82' lang='lat' dir='ltr'>lacto</span> <span class='ocrx_word' id='word_1_208' title='bbox 392 3238 502 3303; x_wconf 80' lang='lat' dir='ltr'>multa</span> <span class='ocrx_word' id='word_1_209' title='bbox 520 3235 715 3321; x_wconf 78' lang='lat' dir='ltr'>superieres</span> <span class='ocrx_word' id='word_1_210' title='bbox 733 3238 825 3304; x_wconf 78' lang='lat' dir='ltr'>bella</span> <span class='ocrx_word' id='word_1_211' title='bbox 844 3260 917 3305; x_wconf 90' lang='lat' dir='ltr'>esse</span> <span class='ocrx_word' id='word_1_212' title='bbox 935 3245 1135 3323; x_wconf 90' lang='lat' dir='ltr'>coeperunt.</span> <span class='ocrx_word' id='word_1_213' title='bbox 1269 3268 1297 3301; x_wconf 64' lang='grc' dir='ltr'><strong>ε</strong></span> 
     </span>
     <span class='ocr_line' id='line_1_29' title="bbox 247 3347 1246 3432; baseline 0.001 -19"><span class='ocrx_word' id='word_1_214' title='bbox 247 3347 291 3413; x_wconf 78' lang='lat' dir='ltr'>V.</span> <span class='ocrx_word' id='word_1_215' title='bbox 315 3347 440 3432; x_wconf 90' lang='lat' dir='ltr'>Neque</span> <span class='ocrx_word' id='word_1_216' title='bbox 460 3353 543 3413; x_wconf 83' lang='lat' dir='ltr'>vero</span> <span class='ocrx_word' id='word_1_217' title='bbox 563 3348 616 3412; x_wconf 90' lang='lat' dir='ltr'>his</span> <span class='ocrx_word' id='word_1_218' title='bbox 637 3347 739 3413; x_wconf 92' lang='lat' dir='ltr'>rebus</span> <span class='ocrx_word' id='word_1_219' title='bbox 759 3358 830 3413; x_wconf 89' lang='lat' dir='ltr'>tam</span> <span class='ocrx_word' id='word_1_220' title='bbox 851 3354 952 3413; x_wconf 89' lang='lat' dir='ltr'>amici</span> <span class='ocrx_word' id='word_1_221' title='bbox 973 3348 1145 3415; x_wconf 88' lang='lat' dir='ltr'>Alcibiadi</span> <span class='ocrx_word' id='word_1_222' title='bbox 1165 3358 1246 3416; x_wconf 94' lang='lat' dir='ltr'>sunt</span> 
     </span>
     <span class='ocr_line' id='line_1_30' title="bbox 178 3456 1245 3541; baseline 0.001 -19"><span class='ocrx_word' id='word_1_223' title='bbox 178 3456 258 3522; x_wconf 88' lang='lat' dir='ltr'>facti</span> <span class='ocrx_word' id='word_1_224' title='bbox 273 3478 377 3541; x_wconf 92' lang='lat' dir='ltr'>quam</span> <span class='ocrx_word' id='word_1_225' title='bbox 392 3459 517 3522; x_wconf 77' lang='lat' dir='ltr'>timere</span> <span class='ocrx_word' id='word_1_226' title='bbox 531 3457 574 3522; x_wconf 88' lang='lat' dir='ltr'>ab</span> <span class='ocrx_word' id='word_1_227' title='bbox 591 3462 633 3522; x_wconf 79' lang='lat' dir='ltr'>ea</span> <span class='ocrx_word' id='word_1_228' title='bbox 649 3457 787 3523; x_wconf 89' lang='lat' dir='ltr'>alienati</span> <span class='ocrx_word' id='word_1_229' title='bbox 793 3479 801 3535; x_wconf 93' lang='grc'><strong>;</strong></span> <span class='ocrx_word' id='word_1_230' title='bbox 818 3479 897 3523; x_wconf 91' lang='lat' dir='ltr'>nam</span> <span class='ocrx_word' id='word_1_231' title='bbox 913 3478 993 3523; x_wconf 91' lang='lat' dir='ltr'>cum</span> <span class='ocrx_word' id='word_1_232' title='bbox 1010 3458 1167 3524; x_wconf 88' lang='lat' dir='ltr'>acerrimi</span> <span class='ocrx_word' id='word_1_233' title='bbox 1182 3458 1245 3524; x_wconf 88' lang='lat' dir='ltr'>viri</span> 
     </span>
     <span class='ocr_line' id='line_1_31' title="bbox 179 3565 1297 3653; baseline 0.004 -24"><span class='ocrx_word' id='word_1_234' title='bbox 179 3575 410 3648; x_wconf 88' lang='lat' dir='ltr'>praestantem</span> <span class='ocrx_word' id='word_1_235' title='bbox 436 3565 655 3649; x_wconf 80' lang='lat' dir='ltr'>prudentiam</span> <span class='ocrx_word' id='word_1_236' title='bbox 680 3565 715 3630; x_wconf 94' lang='lat' dir='ltr'>in</span> <span class='ocrx_word' id='word_1_237' title='bbox 740 3565 903 3631; x_wconf 91' lang='lat' dir='ltr'>omnibus</span> <span class='ocrx_word' id='word_1_238' title='bbox 927 3567 1029 3632; x_wconf 93' lang='lat' dir='ltr'>rebus</span> <span class='ocrx_word' id='word_1_239' title='bbox 1054 3573 1245 3653; x_wconf 78' lang='lat' dir='ltr'>cagnascc-</span> <span class='ocrx_word' id='word_1_240' title='bbox 1263 3596 1297 3645; x_wconf 79' lang='lat'>30</span> 
     </span>
     <span class='ocr_line' id='line_1_32' title="bbox 179 3673 1245 3760; baseline 0.004 -22"><span class='ocrx_word' id='word_1_241' title='bbox 179 3684 265 3749; x_wconf 92' lang='lat' dir='ltr'>rent,</span> <span class='ocrx_word' id='word_1_242' title='bbox 283 3673 536 3756; x_wconf 88' lang='lat' dir='ltr'>pertimuerunt</span> <span class='ocrx_word' id='word_1_243' title='bbox 553 3681 597 3740; x_wconf 92' lang='lat' dir='ltr'>ne</span> <span class='ocrx_word' id='word_1_244' title='bbox 613 3674 755 3740; x_wconf 90' lang='lat' dir='ltr'>caritate</span> <span class='ocrx_word' id='word_1_245' title='bbox 774 3673 901 3758; x_wconf 90' lang='lat' dir='ltr'>patriae</span> <span class='ocrx_word' id='word_1_246' title='bbox 919 3675 1043 3741; x_wconf 91' lang='lat' dir='ltr'>ductus</span> <span class='ocrx_word' id='word_1_247' title='bbox 1061 3675 1245 3760; x_wconf 78' lang='lat' dir='ltr'>aliquande</span> 
     </span>
     <span class='ocr_line' id='line_1_33' title="bbox 178 3782 1245 3869; baseline 0.002 -19"><span class='ocrx_word' id='word_1_248' title='bbox 178 3783 221 3850; x_wconf 89' lang='lat' dir='ltr'>ab</span> <span class='ocrx_word' id='word_1_249' title='bbox 236 3782 318 3866; x_wconf 90' lang='lat' dir='ltr'>ipsis</span> <span class='ocrx_word' id='word_1_250' title='bbox 333 3783 537 3849; x_wconf 88' lang='lat' dir='ltr'>descisceret</span> <span class='ocrx_word' id='word_1_251' title='bbox 554 3796 683 3851; x_wconf 88' lang='lat' dir='ltr'>etcum</span> <span class='ocrx_word' id='word_1_252' title='bbox 700 3791 770 3849; x_wconf 91' lang='lat' dir='ltr'>suis</span> <span class='ocrx_word' id='word_1_253' title='bbox 784 3783 819 3848; x_wconf 89' lang='lat' dir='ltr'>in</span> <span class='ocrx_word' id='word_1_254' title='bbox 835 3784 981 3869; x_wconf 89' lang='lat' dir='ltr'>gratiam</span> <span class='ocrx_word' id='word_1_255' title='bbox 998 3785 1135 3852; x_wconf 87' lang='lat' dir='ltr'>rediret.</span> <span class='ocrx_word' id='word_1_256' title='bbox 1177 3786 1245 3854; x_wconf 89' lang='lat' dir='ltr'>Ita·</span> 
     </span>
    </p>
   </div>
   <div class='ocr_carea' id='block_1_3' title="bbox 0 0 1500 4358">
    <p class='ocr_par' dir='ltr' id='par_1_3' title="bbox 0 0 1500 4358">
     <span class='ocr_line' id='line_1_34' title="bbox 0 0 1500 4358; baseline 0 0"><span class='ocrx_word' id='word_1_257' title='bbox 0 0 1500 4358; x_wconf 95' lang='lat' dir='ltr'> </span> 
     </span>
    </p>
   </div>
  </div>
 </body>
</html>
