3020 4372
631 802 704 874 Ex
747 785 921 876 LissRo

422 1015 770 1126 CORNELH
823 1030 868 1123 N
879 1015 1127 1123 EPOTIS

461 1233 528 1308 on
559 1232 765 1309 LATINIS
798 1230 1091 1308 fflsromcls

595 1629 700 1697 Xlll.
731 1628 952 1696 ATTICUS

312 1815 339 1882 I.
359 1815 399 1882 T.
422 1816 641 1900 Pomponius
660 1816 813 1893 Atticus,
832 1816 875 1881 ab
896 1813 1031 1900 origine
1053 1814 1174 1880 ultima
1195 1811 1309 1897 stirpis

242 1926 423 1994 Romanae
449 1931 649 2010 generatus
674 1929 844 2008 perpetuo
870 1929 890 1989 a
916 1922 1105 1988 maioribus
1131 1932 1308 2006 acceptam

241 2045 437 2120 equestrem
451 2034 602 2101 obtinuit
616 2033 833 2119 dignitatem.
862 2032 964 2098 Patre
979 2037 1062 2097 usus
1077 2041 1127 2097 est
1142 2029 1309 2114 diligente

242 2154 287 2222 et,
313 2155 352 2209 ut
378 2153 454 2210 tum
480 2153 577 2210 erant
604 2154 772 2227 tempora,
799 2142 862 2207 diti
887 2141 1126 2224 imprimisque
1151 2138 1308 2205 studioso

205 2253 441 2327 slitterirum.
490 2252 571 2330 Hic,
596 2262 699 2336 prout
722 2251 795 2335 ipse
818 2251 956 2316 amabat
981 2250 1121 2327 litteras,
1146 2248 1308 2315 omnibus

242 2361 407 2428 doctrinis
433 2362 558 2446 quibus
585 2360 724 2445 puerifis
750 2365 845 2425 aetas
871 2360 1040 2443 impertiri
1067 2357 1170 2425 debet
1198 2357 1308 2423 filium

240 2469 398 2543 erudivit.
444 2469 526 2534 Erat
547 2479 665 2534 autem
684 2468 719 2533 in
740 2474 850 2553 puero
871 2478 1006 2552 praeter
1025 2466 1237 2533 docilitatem
1258 2465 1308 2531 in-

241 2578 334 2663 genii
357 2599 492 2644 summa
516 2578 667 2644 suavitas
689 2578 759 2644 <iris
781 2588 885 2662 atque
908 2578 1014 2655 vireis,
1038 2588 1076 2644 ut
1100 2584 1171 2643 non
1195 2577 1307 2642 solum

241 2687 396 2754 celeriter
417 2689 587 2773 acciperet
611 2710 700 2774 quae
723 2689 957 2768 tradebantur,
981 2689 1042 2756 sed
1067 2689 1172 2756 etiam
1196 2687 1307 2755 excel-

189 2824 220 2861 10
240 2797 352 2862 lenter
366 2797 616 2881 pronuntiaret.
657 2796 738 2882 Qua
754 2820 799 2864 ex
815 2804 852 2864 re
866 2798 900 2863 in
916 2798 1063 2883 pueritia
1079 2797 1203 2864 nobilis
1218 2797 1309 2862 inter

240 2906 400 2989 aequales
431 2906 608 2973 ferebatur
638 2908 831 2993 clariusque
864 2908 1171 2993 exsplendescebat
1203 2927 1307 2991 quam

240 3021 402 3099 generosi
421 3015 648 3101 condiscipuli
667 3018 785 3084 animo
804 3025 918 3103 aequo
937 3018 1023 3085 ferre
1043 3027 1195 3102 possent.
1240 3016 1308 3081 Ita·
1396 3010 1398 3014 ’

239 3145 306 3207 que
323 3124 486 3191 incitabat
503 3132 625 3191 omnes
641 3127 757 3193 studio
774 3134 848 3206 suo,
867 3134 938 3211 quo
956 3127 990 3193 in
1005 3131 1151 3192 numero
1169 3126 1308 3191 fuerunt

242 3232 281 3297 L.
304 3232 514 3317 Torquatus
538 3232 576 3301 C.
601 3235 733 3301 Marius
754 3236 855 3314 filius,
878 3236 929 3302 M.
952 3235 1091 3314 Cicero;
1113 3240 1202 3318 quos
1225 3239 1307 3298 con-

92 3426 95 3433 .
188 3367 217 3417 15
240 3340 423 3410 suetudine
445 3347 508 3408 sua
528 3348 577 3409 sic
599 3343 766 3422 devinxit,
789 3355 828 3411 ut
849 3350 954 3411 nemo
977 3350 1025 3410 eis
1046 3348 1215 3427 perpetua
1236 3347 1307 3407 vita

239 3449 342 3515 fuerit
359 3450 479 3517 carior.

309 3556 356 3624 ΙΙ.
392 3559 495 3624 Pater
529 3565 664 3626 mature
699 3560 854 3626 decessit.
915 3561 995 3644 Ipse
1029 3559 1307 3625 adulescentulus

240 3678 384 3752 propter
403 3667 608 3734 affinitatem
628 3669 666 3735 P.
690 3669 843 3753 Sulpicii,
865 3675 924 3753 qui
945 3669 1103 3734 tribunus
1125 3669 1236 3752 plebei
1258 3667 1307 3732 in-

240 3775 402 3856 teriectus
429 3787 491 3867 est,
517 3781 588 3842 non
615 3798 740 3875 expers
767 3777 830 3850 luit
857 3777 946 3843 illius
974 3778 1129 3862 periculi;
1157 3794 1307 3858 namque

1078 3882 1111 3945 ⁶7
