2992 4358
2 1402 12 1491 l

563 1003 626 1069 Vl.
661 996 938 1070 MILTIADES

286 1189 312 1256 l.
332 1189 518 1268 Miltiades
536 1188 692 1256 OEmenis
707 1188 808 1267 filius,
825 1189 1058 1269 Atheniensis,
1076 1210 1157 1255 cum
1175 1199 1208 1255 et
1223 1210 1282 1254 an·

218 1299 380 1384 tiquitete
407 1300 544 1385 generis
570 1310 605 1366 ct
630 1299 741 1384 gleni
767 1298 939 1364 meierum
966 1308 1001 1365 et
1026 1305 1089 1364 sua
1114 1298 1283 1364 modestie

185 1494 188 1501 Ι
216 1415 305 1475 [inus
318 1409 475 1474 omnium
489 1409 642 1474 maxime
656 1408 793 1474 flererct
808 1414 917 1492 caque
931 1418 1020 1474 esset
1034 1414 1146 1473 aetite
1159 1418 1197 1473 ut
1211 1412 1283 1472 nen

216 1517 284 1584 iam
297 1519 411 1583 selum
426 1517 469 1583 de
483 1524 525 1583 ee
540 1518 628 1583 benc
642 1523 788 1601 sperare,
804 1517 864 1583 sed
881 1517 985 1582 etiam
1000 1515 1175 1582 cenfidere
1190 1522 1282 1582 cives

182 1650 200 1726 5·
216 1637 358 1711 possent
375 1633 428 1693 sui
445 1628 550 1693 telem
568 1648 649 1693 eum
666 1626 821 1691 futurum
839 1626 979 1710 quelem
997 1626 1178 1711 cegnitum
1197 1624 1282 1690 iudi-

216 1743 346 1815 carunt,
375 1735 500 1803 accidit
528 1746 567 1803 ut
594 1736 825 1802 Athenienses
854 1735 1110 1802 Chersonesum
1139 1735 1283 1800 colenes

216 1846 345 1912 vellent
367 1847 513 1913 mittere.
559 1845 667 1912 Cuius
688 1844 824 1931 generis
845 1866 926 1910 cum
947 1850 1097 1929 magnus
1117 1864 1282 1909 numerus

218 1966 306 2021 esset
330 1966 364 2021 et
385 1957 486 2021 multi
508 1955 581 2021 eius
604 1953 866 2040 demigretienis
889 1963 1046 2038 peterent
1069 1953 1282 2030 societatem,

217 2087 261 2129 ex
280 2071 327 2130 eis
345 2065 469 2130 delecti
487 2065 645 2148 Delphes
663 2064 892 2130 deliberatum
910 2062 1004 2128 missi
1023 2072 1113 2140 sunt,
1132 2065 1203 2145 que
1222 2082 1283 2145 po·

167 2193 198 2230 10
217 2172 388 2238 tissimum
409 2173 497 2239 duce
519 2179 727 2240 uterentur.·
753 2173 914 2257 Namque
936 2182 1012 2238 tum
1033 2171 1204 2236 Thraeces
1226 2177 1283 2236 cas

216 2282 376 2366 regienes
393 2283 568 2361 tenebant,
587 2303 667 2348 cum
684 2281 810 2367 quibus
827 2288 930 2347 armis
948 2291 1019 2347 erat
1036 2278 1281 2346 dimicandum.

219 2391 285 2456 His
301 2391 560 2458 censulentibus
578 2391 785 2481 neminetim
803 2391 928 2475 Pythia
945 2389 1129 2474 praecepit,
1147 2399 1185 2454 ut
1204 2381 1284 2453 Mil-

218 2498 345 2565 tiadem
367 2499 613 2583 impereterem
635 2500 699 2566 sibi
721 2506 912 2578 sumerent3
935 2500 969 2564 id
992 2506 1019 2565 si
1041 2498 1211 2576 iecissent,
1234 2497 1284 2562 in-

217 2619 318 2692 cepta
331 2630 496 2693 prospera
512 2609 635 2676 futura.
678 2609 760 2675 Hec
778 2611 908 2675 ereculi
924 2615 1092 2694 respensc')
1110 2607 1285 2673 Miltiades

167 2738 196 2787 15
218 2739 297 2783 cum
318 2718 452 2784 delecte
473 2724 578 2784 mansi
600 2719 705 2786 classe
728 2719 984 2786 Chersonesum
1007 2719 1181 2803 profectus
1204 2740 1284 2784 cum

218 2827 417 2894 accessisset
438 2829 612 2895 Lemnum
634 2840 668 2896 ct
688 2829 819 2896 incolas
839 2830 912 2897 eius
931 2830 1063 2895 insulae
1084 2829 1147 2895 sub
1169 2838 1284 2912 potes-

218 2939 327 2999 ta'ttem
350 2933 505 3018 redigere
527 2935 629 3001 vellet
653 2935 932 3014 Atheniensium,
956 2936 1061 3020 idque
1084 2946 1122 3001 ut
1148 2932 1285 2999 Lemnii

215 3049 277 3109 sue
293 3053 418 3128 sponte
434 3043 584 3111 iacerent
601 3046 821 3130 postulesset,
838 3047 886 3111 illi
902 3045 1081 3111 irridentes
1098 3043 1283 3128 responde-

217 3162 296 3217 runt
308 3162 383 3217 tum
396 3152 430 3217 id
442 3159 478 3218 se
491 3153 654 3232 lactures
668 3176 748 3221 cum
762 3155 816 3221 ille
829 3156 936 3220 dome
949 3154 1094 3221 nivibus
1108 3153 1283 3238 profectus

96 3288 100 3294 ·
167 3283 199 3321 20
216 3268 325 3327 venti)
340 3263 501 3346 aquilene
516 3264 665 3331 venisset
680 3266 865 3331 Lemnum.
906 3264 976 3330 Hic
993 3265 1086 3330 enim
1101 3275 1226 3330 ventus
1241 3264 1283 3330 ab

217 3372 511 3456 septentrienibus
527 3375 640 3440 oriens
657 3374 840 3439 adversum
857 3384 951 3439 tenet
967 3373 1114 3438 Athenis
1132 3373 1284 3457 proficis-

218 3481 385 3547 centibus.
432 3482 607 3548 Miltiades
628 3483 786 3547 morandi
806 3493 945 3566 tempus
966 3489 1037 3547 nen
1059 3482 1187 3547 habens
1209 3503 1284 3547 cur-

216 3612 292 3657 sum
312 3591 439 3659 direxit
460 3599 531 3676 que
550 3591 725 3669 tendebat,
746 3590 971 3675 pervenitque
993 3590 1258 3657 Chersonesum.

289 3702 336 3768 ΙΙ.
362 3702 416 3766 Ibi
440 3702 536 3766 brevi
560 3711 717 3785 tempore
739 3700 963 3765 barbarerum
989 3699 1098 3783 cepiis
1123 3699 1283 3778 disiectis,

168 3831 198 3880 25
219 3817 296 3877 tete
311 3810 453 3896 regiene
468 3830 571 3898 quam
587 3808 731 3893 petierat
748 3815 891 3894 potItus,
908 3809 982 3875 loca
998 3810 1144 3876 castellis
1161 3808 1285 3879 idenea

1058 3928 1090 3978 19
