2992 4358
351 795 698 911 CORNELH
748 812 795 905 N
804 793 1051 905 EPOTiS

169 1048 342 1122 Lmen
370 1030 446 1119 DE
474 1043 952 1120 EXCELLENTIBUS
982 1039 1234 1115 DUCIBUS

404 1243 726 1319 sxssannun
759 1246 997 1316 concion

627 1481 777 1492 ——n

536 1639 563 1705 1.
597 1627 868 1705 ARISTIDES

240 1829 267 1895 Ι.
288 1827 467 1905 Aristides,
489 1825 688 1910 Lysimachi
708 1823 809 1901 filius,
829 1820 1062 1899 Atheniensis
1084 1816 1235 1904 aequelis

170 1937 241 2005 lere
259 1936 323 2003 luit
341 1935 568 2002 Themistocli
586 1944 690 2018 atque
711 1952 792 1998 cum
813 1936 855 1997 eo
876 1930 919 1996 de
939 1927 1133 2014 principetir
1154 1949 1236 1994 con·

170 2046 281 2114 tendit
289 2068 296 2125 ;
322 2066 472 2129 namque
499 2045 738 2110 obtrecterunt
764 2041 852 2107 inter
877 2045 923 2106 se.
975 2040 1017 2104 ln
1043 2039 1236 2104 bisantem

170 2156 351 2242 cegnitum
368 2165 431 2233 est,
448 2160 581 2239 quanto
598 2152 777 2219 antisteret
794 2149 992 2235 eloquentia
1009 2147 1235 2214 innocentiae.

58 2296 62 2304 ·
137 2283 151 2335 5
171 2267 393 2352 Quamquam
410 2266 503 2333 enim
518 2265 606 2332 adeo
623 2263 815 2331 excellebat
831 2260 1000 2326 Aristides
1017 2256 1235 2334 abstinentie,

171 2388 208 2443 ut
229 2383 318 2442 rinus
339 2386 419 2461 post
439 2376 622 2441 hominum
642 2371 860 2449 memoriam,
880 2390 986 2454 quem
1007 2369 1150 2453 quidem
1172 2374 1236 2434 nos

170 2486 390 2564 audierimus,
412 2484 624 2571 cognomine
647 2484 764 2550 Iustus
786 2482 829 2548 sit
851 2481 1054 2566 appelletus,
1077 2490 1193 2546 tamen
1216 2486 1237 2545 e
1328 2461 1335 2479 ’

170 2593 404 2660 Themistocle
421 2592 665 2660 collabefactus
682 2590 807 2657 testule
825 2590 881 2657 ille
899 2589 1021 2657 exsilio
1040 2589 1160 2655 decem
1178 2608 1236 2654 an-

170 2710 295 2770 nerum
313 2705 480 2771 multetus
497 2715 558 2771 est.
602 2704 675 2789 Qui
691 2704 833 2788 quidem
850 2724 930 2771 cum
948 2702 1169 2794 intellegeret
1184 2722 1236 2767 re-

122 2830 151 2866 10
170 2813 272 2897 primi
294 2813 503 2880 concitatam
525 2814 785 2881 multitudinem
809 2821 880 2880 non
903 2809 1016 2899 po'sse,
1041 2813 1236 2896 cedensque

169 2923 465 2990 animadvertisset
486 2925 659 3009 quendam
680 2926 886 2992 scribentem
907 2935 945 2990 ut
962 2908 1075 3009 ¹patrie
1095 2923 1236 3009 pellere-

170 3043 236 3112 tur,
260 3040 433 3117 quaesisse
456 3035 498 3100 ab
522 3041 565 3101 ee
588 3035 714 3102 dicitur
735 3043 841 3120 quere
864 3035 898 3101 id
920 3036 1047 3102 laceret
1070 3046 1128 3101 aut
1152 3033 1235 3119 quid

169 3141 339 3209 Aristides
357 3144 599 3223 commisisset,
619 3151 680 3211 cur
698 3151 796 3212 tante
814 3151 930 3229 poene
949 3144 1076 3230 degnus
1096 3143 1236 3210 ducere·

170 3262 235 3318 tur.
280 3251 345 3319 Cui
365 3254 421 3321 ille
441 3255 620 3339 respondit
641 3261 677 3321 se
696 3261 859 3339 ignerere
880 3255 1067 3333 Aristiden,
1090 3256 1150 3321 sed
1172 3254 1235 3320 sibi

123 3373 151 3422 15
170 3367 240 3428 nen
251 3363 395 3446 placere,
410 3365 505 3448 quod
519 3375 591 3430 tam
604 3364 729 3449 cupide
740 3365 927 3431 laberesset
943 3375 981 3430 ut
996 3376 1130 3449 praeter
1144 3371 1236 3430 cete-

169 3477 225 3537 ros
238 3472 354 3539 Iustus
367 3474 605 3558 appelleretur.
643 3474 714 3539 Hic
727 3473 848 3541 decem
860 3481 1031 3540 annerum
1045 3472 1236 3559 legitimam

171 3601 319 3663 poenam
336 3589 407 3648 non
422 3581 572 3666 pertulit.
614 3582 706 3648 Nam
722 3595 908 3668 postquam
926 3584 1063 3650 Xerxes
1080 3585 1114 3650 in
1132 3584 1236 3650 Grae·

172 3689 259 3754 ciam
283 3692 473 3769 descendit,
499 3697 600 3758 sexte
625 3692 695 3758 fere
717 3699 809 3758 anne
833 3714 937 3776 quam
961 3703 1033 3759 erat
1059 3691 1235 3778 expulsus,

172 3801 292 3884 populi
308 3806 396 3867 scito
415 3800 449 3865 in
467 3800 611 3897 patriam
624 3800 810 3897 [restitirtus
828 3813 889 3894 est.
