2992 4358
613 206 904 264 arnnluonons
1249 211 1288 275 41

226 402 368 457 coortus
395 401 458 469 est,
485 413 598 474 neque
626 390 808 474 quisquam
836 390 941 456 iudex
968 412 1071 455 ausus
1099 401 1150 456 est
1178 390 1220 455 do
1248 395 1290 457 eo

224 498 311 565 ferre
325 499 541 584 suffragium.
582 500 639 566 Sic
654 506 674 565 o
689 499 816 564 iudicio
832 499 952 582 capitis
967 499 1120 564 maximo
1136 498 1291 565 discessit

224 607 344 692 glorio.

294 717 359 781 IX.
384 717 454 782 Hic
476 723 635 783 extromo
657 727 816 800 tempore
838 716 1025 799 imperator
1046 716 1137 799 apud
1161 715 1290 781 Manti-

189 841 202 890 5
223 831 322 889 noam
335 846 415 889 cum
429 825 501 890 acio
513 830 680 889 instructo
693 825 856 890 audocius
869 831 1011 889 instoret
1025 824 1192 902 hostibus,
1207 829 1290 906 cog-

223 934 316 999 nitus
343 940 364 998 o
393 933 688 1010 Lacedaemoniis,
717 933 812 1017 quod
841 933 876 998 in
906 939 1008 998 tinius
1036 933 1187 1017 pernicie
1216 933 1289 999 oius

223 1041 352 1125 patriae
374 1041 474 1107 sitam
496 1042 666 1126 putabant
686 1042 845 1118 saltitem,
867 1041 1017 1107 universi
1039 1042 1073 1106 in
1095 1047 1204 1108 onum
1226 1042 1289 1107 im-

222 1161 342 1234 petum
360 1150 514 1216 focerunt
531 1172 644 1234 neque
661 1150 755 1234 prius
772 1151 1020 1227 abscessorunt,
1039 1171 1142 1234 quam
1161 1157 1290 1236 magno

223 1259 327 1325 caede
346 1259 441 1325 odito
460 1261 647 1343 multisque
667 1267 790 1325 occisis
808 1260 993 1325 fortissime
1014 1260 1127 1344 ipsum
1149 1261 1289 1345 Epami-

172 1396 203 1434 ιο
222 1368 374 1434 nondam
398 1375 625 1454 pognantem,
650 1376 752 1453 sparo
776 1369 911 1441 ominus
936 1391 1148 1453 percussum,
1173 1370 1289 1436 conci-

222 1477 302 1543 dere
325 1478 494 1544 vidorunt.
542 1478 659 1544 Huius
682 1484 763 1544 costi
786 1480 999 1562 aliquantum
1021 1479 1186 1546 retardoti
1209 1489 1289 1546 sunt

224 1586 360 1664 Boeoti,
386 1608 499 1670 neque
525 1599 642 1654 tamen
668 1588 762 1671 prius
788 1594 907 1673 pugno
934 1595 1157 1655 excessorunt
1184 1609 1288 1673 quam

222 1702 455 1780 repognantos
475 1697 714 1782 profligarunt.
758 1698 806 1763 At
826 1699 1097 1782 Epaminondas,
1118 1720 1198 1764 cum
1218 1697 1288 1763 ani-

222 1806 452 1872 madverteret
473 1807 689 1873 mortiferum
711 1814 747 1874 so
767 1809 892 1874 vulnus
913 1808 1085 1892 accopisse
1105 1808 1287 1892 simulque,

170 1942 200 1992 15
222 1920 250 1979 si
271 1914 411 1993 ferrum,
434 1917 528 2000 quod
551 1938 595 1982 ex
618 1918 734 1983 hastili
756 1918 791 1982 in
814 1940 961 2002 corpore
983 1924 1204 1995 remonserat,
1228 1939 1287 1983 ex-

222 2024 392 2102 troxisset,
411 2026 560 2091 animam
577 2027 692 2092 statim
710 2028 927 2106 omissurum,
946 2034 1057 2112 usque
1077 2034 1119 2094 eo
1137 2027 1287 2104 retinuit,

221 2134 335 2216 quoad
356 2136 592 2201 renimtiotum
612 2149 663 2204 est
684 2138 806 2204 vicisse
828 2139 990 2205 Boeotos.
1039 2138 1079 2202 Id
1101 2148 1287 2222 postquam

221 2243 362 2322 audivit,
383 2243 402 2270 “
416 2244 540 2322 Satis,’'
560 2246 682 2329 inquit,
703 2247 722 2273 “
736 2254 823 2326 vixi;
843 2248 990 2314 invictus
1010 2248 1102 2314 enim
1123 2244 1286 2313 morior.”

221 2352 313 2426 Tum
333 2352 423 2419 ferro
445 2361 604 2421 extracto
626 2356 809 2423 confestim
831 2357 1049 2423 exanimotus
1071 2367 1132 2423 est.

168 2490 201 2528 20
290 2462 335 2527 X.
355 2463 424 2529 Hic
441 2471 588 2531 uxorem
605 2487 796 2551 numquam
813 2467 924 2532 duxit.
967 2467 1008 2531 ln
1025 2473 1096 2549 quo
1114 2486 1194 2532 cum
1212 2484 1287 2547 rep-

221 2571 468 2639 rehenderotur
487 2580 507 2639 a
529 2575 706 2659 Pelopidis,
729 2576 919 2658 quiritium
941 2577 1088 2641 habobat
1109 2575 1286 2652 infamem,

221 2681 379 2765 maleque
409 2703 490 2748 eum
519 2683 553 2747 in
583 2690 625 2750 eo
655 2686 782 2768 patriae
812 2686 991 2751 consulere
1022 2686 1161 2761 diceret,
1193 2682 1286 2766 quod

221 2791 347 2857 liberos
369 2797 441 2856 non
461 2792 678 2877 relinqueret,
703 2794 722 2820 “
736 2794 861 2872 Vido,”
884 2794 1005 2879 inquit,
1030 2793 1049 2821 “
1063 2801 1106 2859 no
1128 2799 1166 2860 to
1190 2793 1287 2877 poius

221 2901 391 2977 consutos,
410 2907 468 2984 qui
486 2903 590 2967 tolem
609 2925 653 2969 ex
672 2909 707 2968 to
724 2909 845 2968 notum
864 2904 1044 2969 relictorus
1063 2909 1117 2969 sis.
1161 2902 1287 2985 Neque

167 3037 198 3087 25
221 3013 303 3073 voro
326 3009 428 3093 stirps
451 3020 565 3093 potest
589 3011 672 3075 mihi
695 3012 830 3089 deesse;
853 3000 1002 3096 namque
1025 3034 1068 3078 ex
1092 3017 1147 3076 mo
1170 3017 1286 3076 natam

220 3116 377 3199 relinquo
405 3124 560 3202 pugnam
590 3119 819 3197 Leuctricam,
847 3142 936 3204 quae
965 3127 1036 3186 non
1063 3120 1171 3186 modo
1201 3118 1284 3183 mihi

221 3237 405 3310 superstes,
424 3228 483 3293 sed
503 3228 606 3293 etiarn
626 3228 831 3295 immortailis
851 3230 892 3295 sit
913 3251 1053 3296 necesse
1073 3228 1157 3294 est.''
1202 3228 1286 3312 Quo

221 3344 380 3419 tempore
400 3335 488 3401 duce
510 3337 677 3420 Pelopidis
698 3338 835 3403 exsulos
856 3338 994 3403 Thobz'as
1015 3342 1230 3419 occuporunt
1252 3347 1287 3402 et

220 3443 429 3526 praesidium
470 3444 826 3512 Lacedaemoniorum
867 3469 910 3512 ex
951 3467 1027 3510 arce
1067 3446 1286 3528 expulorunt,

167 3585 200 3635 30
221 3551 492 3636 Epaminondam,
510 3554 688 3637 quamdiu
707 3554 795 3619 facta
813 3564 864 3620 est
882 3553 1004 3618 caedos
1021 3554 1160 3629 civium,
1179 3553 1286 3618 domo

221 3667 257 3726 so
279 3660 401 3738 tenuit,
425 3662 519 3745 quod
542 3683 654 3746 neque
676 3662 859 3729 defendere
882 3663 991 3727 malos
1014 3662 1151 3728 volebat
1174 3681 1286 3744 neque

221 3768 437 3854 impognare,
470 3776 513 3836 no
545 3777 667 3836 mamis
699 3777 842 3837 suorum
875 3770 1044 3855 sanguine
1078 3777 1286 3847 cruentoret;
