3020 4372
657 215 867 270 TIMOLEON
1257 210 1294 277 53

229 421 273 464 ex
288 405 348 464 ore
362 398 436 465 aius
451 398 545 465 exiit.
585 396 657 480 Qui
672 395 824 481 quidem,
840 416 920 460 cum
936 400 1015 459 suas
1029 393 1148 459 laudes
1163 393 1295 458 audiret

229 507 427 592 praedicari,
459 526 650 590 numquam
679 504 771 570 aliud
802 503 890 568 dixit
921 523 1026 587 quam
1057 508 1094 567 se
1123 502 1158 566 in
1188 508 1228 567 ea
1259 506 1295 565 re

230 615 383 680 maxime
409 615 462 680 dis
489 636 593 698 agere
621 613 750 698 gratias
777 621 883 697 atque
912 611 1048 688 habere,
1077 609 1183 694 quod,
1214 629 1293 674 cum

229 722 379 789 Siciliam
410 728 565 789 recreare
596 720 866 798 canstituissent,
899 731 974 785 tum
1006 725 1042 785 se
1075 718 1293 803 potissimum

193 846 207 898 5
228 832 352 898 ducem
371 853 445 898 esse
462 831 663 897 volnissent.
707 829 802 895 Nihil
820 829 912 895 enim
930 835 1045 894 rerum
1064 829 1293 892 humanarum

229 941 302 1007 sine
326 941 473 1006 deorum
498 939 640 1006 numine
664 944 740 1024 geri
765 938 924 1022 putabat;
949 937 1066 1020 itaque
1093 957 1173 1001 suae
1198 935 1294 1001 domi

190 1092 194 1097 -
229 1048 391 1114 sacellum
426 1047 646 1114 Automatias
680 1046 906 1113 constituerat
942 1046 1046 1129 idque
1081 1044 1294 1110 sanctissime

229 1157 373 1223 colebat.

298 1265 341 1331 V.
363 1266 421 1331 Ad
442 1266 530 1332 hanc
552 1264 703 1332 hominis
727 1265 955 1332 excellentem
977 1262 1172 1330 bonitatem
1193 1268 1294 1327 mira·

177 1400 211 1442 ιο
228 1375 313 1440 bilas
330 1385 544 1440 accesserant
561 1381 676 1453 casus3
693 1394 772 1439 nam
790 1373 921 1458 proelia
938 1372 1091 1438 maxima
1108 1373 1212 1437 natali
1230 1376 1294 1436 sui)

229 1483 284 1550 die
305 1483 386 1550 iecit
407 1483 533 1561 omnia,
556 1489 627 1569 quo
648 1483 778 1549 iactum
801 1492 851 1548 est
872 1493 910 1547 ut
932 1482 1005 1547 eius
1027 1482 1120 1547 diem
1143 1481 1294 1547 natalem

229 1592 355 1657 festum
386 1591 526 1657 haberet
558 1591 717 1657 universa
747 1589 871 1657 Sicilia.
928 1589 1023 1654 Huic
1055 1589 1196 1674 quidam
1229 1589 1295 1653 La-

226 1699 394 1784 phystiuS‚
413 1700 521 1768 homo
540 1698 700 1783 petulans
719 1710 752 1764 et
770 1699 938 1783 ingratus,
957 1697 1194 1764 vadimonium
1214 1717 1294 1762 cum

229 1809 331 1875 vellet
353 1808 542 1892 imponere,
566 1808 763 1892 quodcum
787 1807 845 1873 illo
869 1813 905 1873 se
928 1807 1005 1892 lege
1028 1828 1131 1891 agere
1155 1806 1294 1882 diceret,

179 1942 208 1993 15
231 1928 265 1983 et
287 1918 483 2001 complures
505 1916 769 1994 concurrissent,
791 1922 851 2001 qui
872 1915 1123 1999 procacitatem
1144 1914 1295 1980 hominis

230 2027 387 2092 manibus
412 2032 572 2092 coercere
596 2032 813 2103 conarentur,
838 2025 1023 2090 Timoleon
1047 2024 1158 2089 oravit
1184 2022 1295 2089 homi-

230 2140 290 2200 nes
307 2141 350 2200 ne
368 2134 403 2199 id
421 2134 580 2201 facerent.
626 2134 787 2218 Namque
807 2132 841 2198 id
861 2143 899 2199 ut
921 2132 1112 2218 Laphystio
1133 2141 1167 2199 et
1188 2131 1295 2197 cnivis

230 2242 357 2322 liceret,
375 2249 411 2310 se
427 2243 601 2309 maximos
618 2244 752 2309 labares
771 2264 975 2327 summaque
992 2241 1115 2308 adiisse
1134 2240 1293 2325 pericula.

231 2352 334 2418 Hanc
357 2352 449 2418 enim
474 2352 625 2436 speciem
649 2352 814 2418 libertatis
841 2373 926 2430 esse,
950 2357 978 2416 si
1003 2350 1175 2427 omnibus,
1201 2348 1294 2432 quod

176 2491 210 2529 πο
229 2461 376 2548 quisque
391 2462 502 2539 vellet,
518 2462 653 2547 legibus
670 2467 818 2547 experiri
832 2461 957 2527 liceret.
997 2441 1110 2537 idem,
1126 2479 1205 2525 cum
1222 2463 1296 2542 qui·

228 2571 308 2637 dam
337 2570 518 2656 Laphystii
545 2570 675 2648 similis,
703 2570 844 2637 nomine
874 2569 1121 2645 Demaenetus,
1150 2569 1184 2633 iu
1213 2573 1294 2632 con-

230 2680 325 2746 tione
343 2680 463 2764 populi
479 2680 522 2745 de
538 2680 640 2745 rebus
657 2686 764 2764 gestis
781 2679 854 2745 eius
872 2679 1051 2744 detrahere
1070 2676 1239 2760 coepisset
1257 2698 1295 2741 ac

229 2789 394 2854 nanntilla
409 2789 629 2855 inveheratur
643 2788 677 2852 in
693 2788 925 2865 Timoleonta,
942 2787 1030 2852 dixit
1047 2808 1138 2852 nunc
1155 2787 1296 2851 demum

231 2903 267 2962 sa
282 2903 356 2963 voti
372 2918 446 2963 esse
460 2894 677 2975 damnatum;
693 2917 842 2980 namque
858 2897 961 2961 hoca
977 2896 1029 2960 dis
1045 2893 1296 2961 immortalibus

177 3030 208 3082 25
231 3027 368 3091 semper
390 3013 579 3090 precatum,
603 3017 642 3072 ut
665 3007 771 3072 talem
794 3006 990 3071 libertatem
1014 3004 1211 3070 restitueret
1234 3001 1296 3085 Sy-

230 3118 415 3191 racusanis,
431 3113 551 3197 in-qua
566 3111 673 3178 cuivis
689 3112 805 3178 liceret
821 3111 863 3176 de
879 3117 950 3194 quo
966 3110 1068 3176 vellet
1084 3110 1178 3193 quod
1194 3108 1296 3173 vellet

232 3220 373 3305 impime
391 3222 513 3288 dIcere.

208 3367 212 3374 ·
302 3329 372 3395 Hic
392 3350 472 3395 cum
494 3329 585 3395 diem
607 3334 808 3413 supremum
831 3329 972 3405 obisset,
995 3326 1132 3411 publice
1153 3333 1173 3390 a
1196 3324 1296 3408 Syra-

233 3443 368 3503 cusanis
391 3439 426 3502 in
451 3438 644 3522 gymnasio,
669 3438 763 3520 quod
787 3437 1071 3503 Timoleonteum
1095 3433 1295 3518 appellatur,

179 3573 212 3622 30
233 3553 308 3612 tota
328 3547 522 3613 celebrante
544 3546 658 3613 Sicilia
678 3547 833 3631 sepultus
854 3556 914 3613 est.

417 3837 433 3894 ὅ
