2992 4358
631 229 839 283 TlMOLEON
1231 225 1267 293 51

201 409 293 477 bant.
336 407 453 476 Mater
470 415 553 475 verti
572 420 651 493 post
670 409 704 474 id
722 408 855 474 iactum
873 430 986 493 neque
1006 408 1151 475 domum
1169 409 1213 475 ad
1232 414 1269 474 se

201 517 311 584 filium
328 518 466 584 admisit
483 539 598 602 neque
615 517 761 602 aspexit,
780 523 864 601 quin
881 539 962 584 eum
979 517 1188 583 fratricidam
1206 517 1269 582 im-

200 628 367 713 piumque
383 627 559 693 detestans
574 626 807 709 compellaret.
838 625 976 710 Quibus
991 620 1094 692 rebus
1109 626 1165 692 ille
1181 624 1269 691 adea

201 745 252 802 est
284 741 495 814 commotus,
529 746 567 800 ut
598 741 863 818 nanuumquam
895 741 986 801 vItae
1018 735 1125 801 finem
1157 735 1268 801 iacere

165 845 346 911 svoluerit
382 855 489 929 atque
525 867 569 912 ex
605 844 823 930 ingraterum
858 844 1041 910 homiuum
1078 850 1268 930 censpectri

201 965 313 1020 morte
333 954 511 1021 decedere.

271 1062 317 1129 ΙΙ.
345 1063 489 1129 Interim
517 1062 634 1130 Dione
661 1062 840 1148 Syracusis
866 1062 1050 1130 interiecto
1078 1061 1269 1148 Dionysius

199 1177 316 1237 rursus
330 1170 579 1257 Syracusarum
592 1178 726 1256 potitus
741 1181 802 1238 est.
843 1171 951 1238 Cuius
965 1171 1148 1238 adversarii
1163 1192 1269 1256 opem

199 1285 220 1345 a
240 1279 429 1346 Corinthiis
448 1280 623 1364 petierunt
644 1281 850 1365 ducemque,
871 1287 942 1366 que
963 1281 998 1346 in
1018 1281 1110 1347 belle
1132 1286 1268 1347 uteren-

148 1416 179 1454 10
200 1399 265 1467 tur,
298 1390 529 1472 postularunt.
588 1390 671 1456 Huc
702 1390 888 1457 Timoleen
920 1390 1046 1456 missus
1078 1389 1269 1456 incredibili

200 1497 362 1564 felicitate
386 1498 598 1582 Dionysium
622 1505 697 1565 tbta
720 1498 836 1566 Sicilia
860 1499 1001 1583 depulit.
1051 1498 1142 1565 Cum
1165 1499 1269 1564 inter-

200 1605 302 1673 ficere
324 1618 453 1691 posset,
475 1608 586 1673 noluit
609 1613 757 1694 tiitbque
780 1619 819 1675 ut
843 1608 1052 1675 Corinthum
1075 1613 1269 1691 perveniret

200 1713 325 1794 effecit,
360 1716 456 1800 quod
490 1723 718 1801 utrarumque
754 1716 1005 1802 Dionysiorum
1040 1717 1165 1801 opibus
1201 1715 1268 1782 Co-

199 1822 316 1888 rinthii
338 1845 441 1908 saepe
463 1825 571 1890 adititi
594 1825 739 1903 fuerant,
764 1825 862 1891 cuius
885 1825 1111 1910 benignitatis
1134 1844 1268 1891 memo-

147 1962 177 2012 15
199 1931 284 1997 riam
315 1933 454 1999 volebat
487 1939 633 2012 exstare,
668 1955 815 2018 eamque
846 1934 1055 2018 praeclaram
1087 1933 1268 1999 victeriam

199 2155 377 2233 postrema
397 2157 525 2216 utnon
545 2153 659 2217 selum
678 2152 819 2218 auribus
838 2152 1061 2236 acciperetur,
1082 2152 1142 2219 sed
1163 2151 1268 2218 etiam

199 2260 309 2324 oculis
328 2267 525 2326 cerneretur
543 2282 647 2344 quem
667 2284 712 2328 ex
732 2267 865 2346 quanto
883 2267 994 2347 regne
1014 2262 1056 2327 ad
1077 2282 1181 2345 quam
1201 2261 1268 2327 lor-

198 2372 319 2432 timam
334 2368 524 2435 detulisset.
566 2370 651 2436 Post
668 2370 830 2454 Dionysii
845 2372 1026 2436 decessum
1042 2390 1122 2436 cum
1139 2369 1269 2435 Hiceta

145 2510 178 2548 20
199 2476 348 2554 bellavit,
368 2483 428 2561 qui
447 2478 647 2544 adversatus
667 2490 738 2544 erat
760 2478 933 2563 Dionysio
940 2501 948 2557 ;
968 2499 1074 2563 quem
1094 2483 1166 2544 nou
1186 2476 1268 2543 odio

199 2584 388 2668 tyrannidis
408 2585 618 2665 dissensisse,
639 2587 699 2653 sed
720 2587 909 2672 cupiditate
930 2587 1058 2653 indicie
1077 2586 1152 2664 fuit,
1173 2586 1268 2671 quod

199 2693 272 2777 ipse
289 2694 436 2778 expulsa
454 2693 625 2779 Dionysia
642 2696 827 2780 imperium
843 2696 1017 2762 dimittere
1033 2695 1155 2761 naluit.
1187 2695 1269 2761 Hac

199 2808 362 2886 superato
383 2803 570 2870 Timoleon
592 2804 764 2870 maximas
787 2805 904 2889 copias
927 2803 1268 2888 Carthaginiensium

198 2911 290 2995 apud
312 2909 504 2978 Crinissum
525 2912 655 2980 flumen
676 2912 810 2999 fugavit
830 2936 869 2980 ac
890 2914 971 2980 satis
992 2913 1118 2980 habere
1140 2911 1267 2996 coegit,

146 3057 177 3107 25
199 3029 228 3087 si
249 3023 366 3089 liceret
390 3004 543 3090 africam
568 3022 735 3102 obtinere,
761 3029 821 3108 qui
845 3022 913 3088 iam
938 3022 1134 3106 complures
1158 3027 1268 3087 annes

199 3132 454 3215 possessienem
478 3132 613 3200 Siciliae
637 3133 810 3199 tenebant.
860 3131 963 3215 Cepit
986 3131 1091 3197 etiam
1116 3130 1268 3195 Mamer-

200 3266 290 3323 cum,
313 3225 475 3310 italicum
498 3244 634 3319 ducem,
658 3241 836 3307 hominem
860 3240 1064 3307 bellicasum
1087 3249 1120 3305 et
1144 3249 1268 3324 poten-

199 3365 282 3433 tem,
298 3361 357 3439 qui
371 3359 537 3438 tyrannos
551 3351 707 3418 adiutum
723 3351 757 3415 in
774 3349 924 3417 Siciliam
939 3356 1091 3415 venerat.

269 3464 336 3529 ΙΙΙ.
364 3462 503 3548 Quibus
523 3462 625 3527 rebus
646 3459 813 3525 cbniectis
835 3480 915 3523 cum
936 3468 1080 3543 propter
1099 3455 1268 3522 diuturni·

148 3573 308 3652 3'otatem
332 3573 412 3637 belli
436 3577 506 3636 nen
532 3570 645 3635 solum
669 3566 840 3652 regienes,
866 3567 927 3632 sed
953 3567 1056 3633 etiam
1082 3566 1184 3631 urbes
1210 3566 1268 3631 de-

199 3688 305 3747 sertas
321 3680 463 3756 videret,
480 3677 688 3762 conquisivit
705 3681 793 3760 ques
810 3675 934 3759 potuit,
952 3682 1103 3758 primum
1122 3673 1266 3748 Siculas,

200 3789 280 3856 dein
309 3787 479 3855 Corinthei
507 3785 683 3852 arcessivit
713 3785 868 3861 colentis
897 3784 991 3866 quod
1019 3785 1063 3850 ab
1091 3789 1139 3850 eis
1167 3780 1267 3851 initio
