2992 4358
260 187 279 234 2
564 160 791 278 }··'c{)nnatn
818 189 985 242 NEPOTIS

317 334 566 446 ‘liiirlterfirit
588 340 867 459 auternlfpirgnae
891 367 1003 432 navali
1026 367 1120 451 apud
1143 366 1328 445 Salamina,

260 494 349 557 quae
377 474 464 539 facta
492 484 543 539 est
569 474 663 558 prius
690 496 794 559 quam
821 482 934 559 poena
961 477 1173 542 liberaretur.
1224 458 1326 542 idern

259 593 397 667 praetor
412 582 475 648 luit
490 583 757 649 Atheniensium
772 583 865 667 apud
880 584 1041 650 Plataeas
1057 585 1091 649 in
1107 584 1239 668 proelio
1255 592 1327 668 que

260 688 355 755 lasus
380 691 604 756 barbararum
627 690 799 756 exercitus
825 690 1101 774 Mardoniusque
1126 691 1327 757 interfectus

260 808 322 864 cst.
365 777 490 882 Neque
506 799 599 864 aliud
617 809 668 864 est
687 799 796 863 allum
814 798 917 864 huius
934 799 968 863 in
983 806 1023 867 ‚re
1041 799 1179 864 militari
1197 800 1326 867 illustre
1347 821 1360 871 5

258 906 388 973 lactum
413 928 517 991 quarn
543 907 616 972 eius
642 907 778 992 imperii
803 908 982 986 memoria,
1008 908 1156 974 iustitiae
1182 915 1265 975 vere
1291 920 1326 976 et

259 1016 441 1100 aequitatis
466 1027 500 1082 et
523 1016 741 1083 innocentiae
765 1018 883 1096 multa,
906 1018 941 1082 in
964 1023 1083 1102 primis
1106 1018 1202 1102 quod
1224 1018 1327 1083 haius

258 1127 430 1210 aequitate
443 1126 573 1192 lactum
586 1137 648 1205 est,
662 1148 743 1192 cum
756 1128 791 1192 in
804 1133 983 1193 communi
995 1128 1101 1194 classe
1117 1139 1207 1195 esset
1222 1128 1327 1195 Grae·

258 1234 329 1301 ciae
355 1235 455 1300 simul
482 1256 562 1301 cum
589 1235 878 1321 Pausania-que
905 1238 993 1304 duce
1020 1237 1226 1303 Mardonius
1254 1249 1327 1305 erat

258 1343 485 1429 fugatus—ut
502 1366 638 1411 summa
652 1346 787 1430 imperii
803 1346 966 1413 maritimi
981 1348 1023 1413 ab
1040 1346 1326 1414 Lacedaemoniis
1347 1377 1377 1413 ιο

258 1454 499 1520 transferretur
520 1455 563 1520 ad
585 1454 832 1535 Atheniensem
856 1478 1005 1542 namque
1028 1467 1107 1523 ante
1130 1457 1165 1523 id
1188 1468 1326 1542 tempus

257 1574 291 1630 et
305 1570 391 1629 mari
404 1575 437 1630 et
449 1572 539 1631 terra
553 1566 658 1632 duces
672 1577 768 1632 erant
782 1567 1062 1634 Lacedaemonii.
1101 1567 1194 1633 Tum
1207 1578 1326 1634 autern

259 1683 293 1739 et
312 1673 576 1758 intemperantia
597 1676 786 1742 Pausaniae
806 1688 841 1743 et
859 1678 992 1743 iustitia
1011 1678 1141 1743 factum
1160 1688 1211 1743 est
1231 1678 1326 1742 Aris-

257 1783 347 1860 tidiS,
364 1795 403 1850 ut
418 1783 541 1850 omnes
557 1784 629 1852 fere
644 1786 801 1852 civitates
819 1786 982 1854 Graeciae
998 1788 1041 1853 ad
1058 1787 1326 1853 Atheniensium

257 1893 460 1959 societatem
473 1900 510 1959 se
521 1894 732 1978 applicarent
746 1906 779 1962 et
791 1896 954 1963 adversus
966 1897 1129 1963 barbares
1142 1897 1206 1963 hes
1221 1897 1325 1962 duces
1346 1921 1375 1970 15

258 2002 448 2088 deligerent
465 2003 538 2071 sibi.

328 2112 395 2178 III.
423 2112 525 2198 Ques
548 2121 619 2199 que
641 2114 773 2182 facilius
795 2117 1009 2201 repellerent,
1033 2122 1062 2182 si
1084 2116 1173 2182 forte
1196 2114 1325 2181 bellum

258 2228 423 2288 renovare
443 2229 661 2304 cenarentur,
681 2225 724 2291 ad
745 2227 869 2292 classes
889 2225 1117 2292 aedificandas
1138 2225 1325 2292 exercitas-

258 2353 327 2416 que
353 2334 605 2416 comparandas
630 2346 799 2419 quantum
826 2335 993 2419 pecaniae
1019 2356 1178 2418 quaeque
1206 2334 1325 2400 civitas

259 2441 365 2520 daret,
389 2440 558 2509 Aristides
582 2444 736 2510 delectus
761 2454 811 2510 est
836 2451 894 2527 qui
919 2443 1158 2522 censtitueret,
1182 2444 1325 2527 eiusque
1344 2466 1377 2502 20

257 2551 399 2617 arbitrie
415 2553 652 2639 quadringena
667 2564 701 2620 et
717 2559 892 2638 sexagena
907 2553 1036 2619 talenta
1052 2559 1238 2637 quotannis
1255 2553 1325 2617 De-

257 2660 329 2727 lum
345 2673 424 2729 sunt
439 2663 577 2743 collata3
591 2663 625 2729 id
642 2664 735 2731 enirn
751 2652 938 2730 commane
954 2663 1123 2729 aerarium
1140 2684 1213 2729 esse
1229 2661 1325 2728 volu-

258 2779 368 2839 erunt.
413 2772 514 2858 Quae
533 2771 647 2840 omnis
666 2775 811 2859 pecunia
829 2780 969 2859 postero
988 2784 1148 2857 tempore
1166 2772 1325 2838 Athenas

260 2883 423 2949 translata
448 2894 509 2950 est.
559 2885 630 2951 Hic
655 2892 723 2970 qua
747 2886 849 2953 fuerit
873 2884 1091 2962 abstinentia,
1116 2882 1249 2949 millum
1274 2892 1325 2948 est

259 2991 386 3058 certius
411 2992 576 3059 indicium
602 3015 707 3079 quam
732 2995 838 3079 quod,
865 3017 945 3061 cum
971 3000 1075 3060 tantis
1100 2993 1202 3059 rebus
1229 3013 1325 3077 prae·
1344 3013 1375 3062 25

259 3101 388 3180 luisset,
413 3101 447 3167 in
471 3109 567 3169 tanta
589 3085 794 3189 paupertate
818 3105 974 3182 decessit,
999 3114 1037 3169 ut
1061 3109 1122 3187 qui
1146 3102 1325 3168 efferretur

259 3212 318 3278 vix
341 3213 528 3297 reliquerit.
579 3212 662 3298 Qua
686 3215 816 3280 iactum
841 3224 954 3280 estut
979 3213 1068 3280 filiae
1091 3212 1164 3279 eius
1189 3209 1325 3296 pablice

259 3321 430 3387 alerentur
455 3332 487 3386 et
513 3321 556 3387 de
581 3329 760 3387 communi
784 3323 915 3389 aeraria
941 3322 1082 3389 datibus
1108 3323 1194 3388 datis
1221 3321 1325 3387 collo-

260 3438 427 3496 carentur.
479 3431 639 3497 Decessit
664 3442 781 3497 autern
806 3432 877 3497 fere
903 3442 981 3515 post
1007 3453 1136 3497 annum
1162 3437 1325 3516 quartum

259 3560 363 3623 quam
381 3539 636 3606 Themistocles
652 3540 801 3606 Athenis
820 3551 892 3607 erat
912 3541 1088 3626 expulsus.
1343 3561 1375 3609 30
1456 3530 1457 3537 ἵ
