2992 4358
635 241 860 300 Acasnnus
1082 204 1085 210 ’
1240 239 1290 309 474

212 428 272 509 qui
297 423 400 490 urbes
425 423 656 490 nabilissimas
682 429 901 509 expugnaret
928 422 1101 490 Graeciae.
1153 422 1281 487 “Nam

211 532 272 610 si,”
288 533 411 617 inquit,
429 533 447 558 “
463 539 523 599 ees
540 534 765 618 exstinguere
781 533 1003 609 voluerimus
1020 539 1080 617 qui
1097 531 1280 597 nobIscum

211 641 375 708 adversus
400 643 564 707 barbares
590 648 771 720 steterunt,
798 642 937 707 nesmet
962 641 1026 725 ipsi
1053 647 1118 706 nos
1144 645 1279 723 experg-

210 750 407 815 naverimus
425 750 490 815 illis
508 749 776 833 quiescentibus,
820 749 904 834 Que
922 749 1013 815 facte
1032 749 1105 815 sine
1123 748 1279 833 negatio,

174 874 188 925 5
210 880 290 924 cum
307 858 490 936 voluerint,
508 864 573 923 nes
590 857 823 943 oppriment.''

278 967 343 1033 VI.
377 967 523 1033 Interim
555 967 679 1033 accidit
711 967 766 1032 illa
797 967 972 1033 calamitas
1004 966 1097 1051 apud
1130 967 1279 1032 Leuctra

210 1076 506 1143 Lacedaemoniis
541 1075 626 1160 Quo
647 1082 691 1142 ne
711 1075 997 1160 proficisceretur,
1019 1096 1099 1141 curn
1120 1081 1141 1140 a
1162 1076 1278 1160 pleris-

209 1207 276 1270 que
291 1186 334 1250 ad
350 1186 550 1252 exeundum
565 1185 812 1269 impelleretur,
828 1196 866 1250 ut
882 1191 910 1250 si
925 1185 968 1250 de
984 1185 1080 1250 exitu
1097 1185 1277 1262 divinaret,

208 1294 388 1360 excusavit
404 1300 629 1360 senecttitem.
668 1274 781 1372 idem,
799 1315 880 1359 curn
898 1294 1159 1378 Epaminendas
1177 1293 1278 1377 Spar-

157 1432 188 1469 10
208 1415 279 1469 tam
295 1410 518 1488 oppugnaret
534 1416 692 1488 essetque
708 1405 781 1470 sine
797 1409 904 1469 muris
921 1403 1102 1487 oppidum,
1118 1404 1224 1470 talem
1241 1409 1278 1468 se

208 1513 455 1597 imperaterem
478 1514 648 1598 praebuit,
673 1525 712 1579 ut
737 1521 780 1579 eo
804 1525 964 1597 tempore
988 1513 1150 1579 omnibus
1173 1518 1277 1597 appa-

208 1622 324 1701 ruerit,
341 1623 405 1688 nisi
422 1624 478 1689 ille
495 1623 625 1701 fuisset,
643 1622 803 1707 Spartam
819 1623 972 1689 futuram
989 1629 1060 1688 non
1077 1622 1192 1689 fuisse.
1235 1623 1277 1686 In

208 1737 279 1815 que
298 1730 439 1815 quidem
458 1732 654 1799 discrimine
673 1732 829 1799 celeritas
847 1733 921 1798 eius
941 1730 1074 1797 censilii
1093 1732 1194 1797 saluti
1213 1730 1276 1796 fuit

206 1840 384 1908 aniversis.
425 1841 518 1907 Nam
532 1864 613 1907 cum
627 1844 770 1927 quidam
784 1841 1035 1908 adulescentuli
1050 1841 1203 1906 hostium
1219 1839 1276 1906 ad-

155 1975 185 2027 15
206 1956 313 2015 ventu
343 1950 514 2034 perterriti
542 1951 585 2016 ad
614 1951 802 2016 Thebanos
833 1950 1053 2035 transfugere
1083 1950 1211 2016 vellent
1242 1957 1276 2015 et

207 2058 324 2124 locum
350 2067 450 2125 extra
476 2061 598 2127 urbem
625 2061 757 2126 editum
784 2060 967 2144 cepissent,
993 2059 1189 2144 Agesilaus
1216 2064 1275 2143 qui

207 2167 537 2252 perniciesissimum
562 2170 636 2237 fore
663 2171 804 2249 videret,
830 2178 858 2236 si
883 2170 1161 2237 animadversum
1187 2176 1278 2235 esset

206 2299 418 2363 quemquam
439 2280 481 2345 ad
503 2280 622 2346 hostes
644 2281 860 2366 transfugere
884 2286 1012 2359 conari,
1036 2300 1117 2346 cum
1139 2285 1209 2345 suis
1232 2285 1275 2345 ee

206 2387 300 2453 venit
322 2399 436 2473 atque,
459 2400 499 2456 ut
520 2396 549 2455 si
570 2392 664 2456 bone
686 2391 802 2457 animo
823 2390 996 2469 iecissent,
1018 2388 1170 2455 laudavit
1193 2394 1275 2454 cen-

152 2524 185 2562 20
206 2496 318 2561 silium
350 2504 483 2577 earum,
514 2500 609 2583 quod
640 2521 720 2566 eum
751 2501 869 2566 locum
900 2506 1143 2584 occupassent;
1173 2499 1208 2564 id
1239 2502 1276 2562 se

206 2627 347 2690 quoque
369 2606 442 2674 fieri
465 2608 591 2676 debere
613 2609 907 2676 animadvertisse.
957 2609 1013 2677 Sic
1037 2610 1274 2675 adulescentes

206 2713 365 2781 simulata
393 2717 591 2785 laudatiene
620 2720 837 2804 recuperavit
867 2731 901 2786 et
931 2720 1102 2785 adiunctis
1132 2720 1174 2785 de
1205 2724 1274 2783 suis

206 2824 390 2891 comitibus
409 2827 526 2893 locum
545 2835 663 2894 tutum
683 2830 829 2914 reliquit.
876 2829 1039 2915 Namque
1059 2831 1117 2908 illi,
1137 2829 1274 2896 adiecte

205 2942 351 3001 numere
369 2940 490 3003 earum
510 2944 571 3021 qui
590 2947 750 3023 expertes
770 2951 866 3006 erant
886 2940 1030 3018 consilii,
1051 2945 1273 3006 commovere

151 3070 183 3122 25
205 3049 241 3108 se
263 3050 335 3109 nen
357 3057 438 3112 sunt
459 3054 533 3112 ausi
556 3054 669 3132 eoque
691 3049 864 3127 libentius,
887 3050 983 3134 quod
1005 3050 1110 3116 latere
1133 3049 1273 3115 arbitra·

204 3153 330 3219 bantur
347 3177 435 3239 quae
454 3156 703 3241 cogitaverant.

273 3261 356 3329 Vll.
375 3263 457 3331 Sine
472 3266 580 3333 dubio
596 3280 675 3352 post
692 3269 911 3335 Leuctricam
929 3274 1084 3355 prignam
1101 3267 1273 3334 Lacedae-

205 3371 314 3436 monii
334 3378 370 3438 se
391 3395 584 3459 numquam
606 3378 798 3444 refecerunt
820 3400 934 3463 neque
957 3378 1142 3463 pristinum
1165 3378 1273 3461 impe·

205 3479 293 3544 rium
319 3490 576 3565 recuperarunt,
603 3508 683 3551 cum
709 3487 846 3553 interim
870 3508 1061 3571 numquam
1087 3486 1273 3570 Agesilaus

152 3613 184 3663 30
205 3589 335 3655 destitit
368 3592 646 3679 quibuscumque
680 3597 782 3662 rebus
816 3608 932 3680 posset
966 3596 1111 3680 patriam
1144 3595 1271 3661 iuvare.

206 3695 297 3762 Nam
315 3720 395 3764 cum
414 3702 597 3785 praecipue
615 3704 883 3771 Lacedaemonii
900 3705 1096 3789 indigerent
1116 3702 1272 3788 pecunia,

206 3804 262 3872 ille
290 3807 452 3873 omnibus
480 3817 586 3894 quia
613 3819 695 3898 rege
723 3814 919 3881 defecerant
947 3814 1119 3898 praesidio
1145 3813 1225 3892 luit3
1252 3816 1273 3878 a
