3020 4372
687 235 861 291 Arrrcus
1267 236 1304 304 71

240 414 404 482 maribus.
462 415 519 481 Ad
552 416 686 482 hastam
720 413 893 500 publicam
928 437 1119 500 numquam
1152 416 1304 483 accessit.

241 523 378 590 Nullius
393 529 442 590 rei
457 545 572 608 neque
587 545 685 608 praes
700 546 813 609 neque
829 545 991 608 manceps
1007 525 1117 590 lactus
1133 537 1194 591 est.
1236 525 1268 589 N
1272 532 1306 590 ἐ·

239 632 369 698 minem
386 653 500 716 neque
517 638 581 698 sud
599 633 739 699 namine
757 654 869 718 neque
887 634 1104 699 subscribens
1122 634 1305 711 accusavit,

239 740 273 805 in
292 741 344 807 ius
362 741 405 807 da
423 748 486 807 sua
503 747 540 807 ra
558 762 749 827 numquam
768 742 817 820 iit,
837 741 1002 808 iudicium
1022 743 1155 808 nirllum
1175 742 1304 811 habuit.

203 862 216 912 5
240 849 434 916 Multarum
459 850 642 928 cansulum
666 857 935 934 praetarumque
959 851 1190 934 praefecturas
1215 851 1305 917 dela-

238 964 292 1024 tas
311 964 360 1025 sic
378 959 523 1043 accepit,
545 970 582 1025 ut
602 959 776 1025 neminem
798 960 833 1025 in
854 960 1068 1044 pravinciam
1089 960 1133 1026 sit
1154 966 1304 1038 sectatus,

237 1067 372 1137 hondre
393 1067 494 1134 fuerit
516 1078 713 1146 contentus,
735 1075 783 1135 rei
804 1068 977 1135 familiaris
999 1068 1194 1153 despexerit
1216 1070 1305 1134 fruc-

237 1187 327 1256 tum;
345 1182 405 1261 qui
424 1183 467 1243 ne
485 1196 565 1243 cum
585 1177 720 1262 Quinta
740 1178 880 1262 quidem
901 1177 1071 1245 Cicerbne
1090 1179 1237 1244 voluerit
1255 1185 1304 1243 ire

237 1285 270 1350 in
288 1285 418 1364 Asiam,
437 1308 516 1352 curn
534 1287 626 1371 apud
645 1308 726 1354 eum
743 1290 849 1373 legati
868 1290 984 1354 locum
1001 1288 1157 1354 obtinare
1174 1297 1302 1372 posset.

186 1419 217 1457 10
239 1393 321 1458 Nan
357 1394 449 1461 enim
486 1395 608 1462 decere
643 1402 680 1462 se
715 1396 955 1475 arbitrabatur,
992 1417 1072 1463 cum
1109 1402 1303 1481 praeturam

236 1524 357 1588 gerere
381 1503 558 1582 naluisset,
583 1506 747 1572 asseclam
772 1528 847 1573 esse
871 1505 1051 1590 praetatis.
1101 1506 1183 1589 Qua
1207 1506 1242 1570 in
1267 1512 1304 1571 re

236 1617 307 1676 nan
327 1613 441 1678 salum
460 1613 623 1698 dignitati
644 1615 825 1693 serviebat,
847 1615 907 1681 sed
929 1615 1032 1681 etiam
1055 1614 1302 1698 tranquillitati,

236 1741 316 1785 cum
331 1722 545 1805 suspicianes
562 1745 703 1808 quoque
720 1731 845 1791 vitaret
863 1724 1056 1790 criminum.
1099 1723 1183 1806 Qud
1200 1722 1303 1787 fiebat

236 1840 273 1894 ut
289 1829 362 1896 eius
378 1832 597 1898 observantia
613 1834 775 1900 omnibus
793 1845 882 1901 esset
899 1833 1020 1912 carior,
1038 1854 1118 1899 curn
1135 1854 1211 1899 eam
1228 1832 1303 1899 offi-

184 1964 214 2014 15
235 1938 300 2016 eid,
316 1945 387 2005 nan
404 1940 522 2006 timbri
538 1964 651 2026 neque
668 1949 741 2026 spei
757 1942 862 2008 tribui
877 1942 1042 2009 viderent.

304 2047 387 2115 VII.
411 2049 537 2116 Incidit
559 2050 803 2117 Caesarianum
825 2052 924 2118 civile
946 2052 1084 2117 bellum.
1132 2049 1222 2116 Cum
1244 2050 1303 2115 ha-

235 2156 331 2223 beret
356 2164 465 2225 annas
491 2158 624 2225 circiter
649 2160 842 2245 sexaginta,
869 2166 952 2226 t‘rsus
979 2171 1030 2227 est
1057 2159 1178 2226 aetatis
1204 2165 1302 2226 vaca-

235 2265 329 2332 tibne
347 2289 460 2352 neque
479 2274 709 2354 sequaquam
728 2270 839 2335 mavit
858 2292 903 2336 ex
923 2270 1018 2335 urbe.
1064 2268 1164 2353 Quae
1183 2274 1302 2335 amicis

216 2396 220 2409 ·
234 2381 303 2441 suis
319 2398 408 2460 opus
423 2377 556 2443 fuerant
571 2379 614 2443 ad
631 2379 841 2462 Pompeium
857 2378 1168 2462 proficiscentibus,
1186 2377 1302 2444 omnia

181 2511 214 2549 20
234 2506 278 2550 ex
294 2491 356 2551 sua
371 2492 407 2551 re
422 2486 579 2553 familiari
596 2487 702 2566 dedit,
718 2488 833 2572 ipsum
850 2488 1058 2571 Pompeium
1076 2487 1301 2553 coniunctum

234 2600 304 2659 nan
324 2594 480 2662 offendit.
527 2596 672 2663 Nullum
692 2598 735 2663 ab
756 2604 799 2662 eb
819 2597 967 2662 habebat
988 2601 1242 2673 arnamentum,
1263 2605 1301 2661 ut

234 2709 348 2782 ceteri,
369 2711 429 2789 qui
450 2727 513 2789 per
533 2727 613 2772 eum
634 2718 693 2772 aut
715 2707 865 2772 honores
884 2717 944 2773 aut
965 2705 1102 2772 divitias
1124 2711 1300 2789 ceperant3

234 2819 384 2896 quarum
412 2815 536 2899 partim
564 2815 758 2881 invitissimi
786 2828 896 2882 castra
923 2826 1002 2882 sunt
1030 2820 1149 2893 secati,
1177 2813 1301 2898 partim

232 2929 369 2989 summa
382 2943 462 2990 cum
476 2924 550 2990 aius
564 2924 760 2991 offensidne
775 2925 871 2990 domi
887 2931 1134 2992 remanserunt.
1165 2923 1301 2990 Caesari

180 3056 211 3107 25
233 3042 349 3098 autem
373 3033 485 3099 Attici
511 3034 608 3118 quies
634 3041 732 3100 tanta
757 3056 862 3118 opere
887 3034 951 3100 fuit
977 3039 1087 3119 grata,
1114 3044 1152 3099 ut
1178 3033 1299 3110 victor,

233 3161 313 3206 cum
328 3148 468 3225 privatis
484 3143 649 3227 pecunias
665 3166 727 3228 per
742 3143 903 3227 epistulas
921 3143 1116 3226 imperaret,
1132 3142 1213 3207 huic
1229 3148 1300 3206 nan

233 3251 345 3315 salum
367 3252 533 3316 molestus
555 3257 625 3316 nan
646 3252 759 3327 luerit,
781 3252 962 3317 sedetiam
984 3251 1111 3316 sordris
1133 3250 1243 3315 filium
1266 3260 1299 3315 et

234 3359 278 3443 Q.
314 3359 518 3426 Cicerdnem
553 3383 598 3427 ex
632 3361 779 3444 Pompei
812 3367 930 3426 castris
964 3360 1183 3426 concesserit.
1242 3358 1299 3425 Sic

232 3480 347 3535 vetere
362 3470 525 3535 instituta
540 3475 634 3536 vitae
652 3469 777 3553 effugit
794 3490 883 3534 nova
901 3469 1060 3552 pericula.

178 3601 212 3650 30
301 3578 404 3644 VIII.
428 3578 597 3645 Sectitum
619 3589 669 3644 est
689 3578 782 3643 illud.
827 3577 956 3644 Occisa
979 3578 1123 3643 Caesare
1144 3598 1223 3643 cum
1246 3583 1299 3642 res

232 3687 368 3769 pirblica
397 3708 503 3770 penes
533 3686 661 3751 Bratas
690 3686 863 3751 videretur
893 3708 967 3751 esse
997 3697 1030 3751 et
1062 3685 1228 3761 Cassium,
1260 3706 1299 3750 ac

232 3801 306 3869 tata
327 3797 447 3869 civitas
469 3801 506 3868 se
526 3795 570 3868 ad
593 3800 654 3868 eas
676 3795 912 3877 convertisset,
935 3800 983 3866 sic
1007 3794 1056 3867 M.
1082 3794 1194 3865 Bruta
1216 3798 1299 3865 [rsus
