3020 4372
705 219 879 274 ATTICUS
1286 218 1325 283 73
1389 274 1391 277 ,

259 400 477 479 moditatem,
501 399 647 466 Antonii
670 400 852 466 familiares
873 401 1154 484 insequebantur,
1177 405 1325 465 uxorem

260 509 417 575 Fulviam
452 509 615 574 omnibus
648 509 751 574 rebus
786 508 933 592 spoliare
968 506 1163 592 cupiebant,
1199 509 1325 573 liberos

260 615 363 682 etiam
389 615 613 700 exstinguere
638 616 815 700 parabant.
865 614 1015 693 Atticus,
1041 635 1121 680 cum
1148 613 1324 680 Ciceronis

258 724 379 791 intima
401 724 630 791 familiaritate
652 729 817 801 oteretur,
839 721 1066 790 amicissimus
1090 734 1180 789 esset
1203 723 1323 800 Broto,

223 853 236 903 5
259 838 330 896 non
352 831 460 897 modo
483 831 568 896 nihil
590 836 638 896 eis
660 829 802 897 indulsit
827 829 869 896 ad
893 829 1089 895 Antonium
1113 829 1323 907 violandum,

259 939 319 1006 sed
344 947 363 1006 e
388 940 562 1006 contrario
587 938 769 1005 familiares
794 939 868 1005 eius
895 961 939 1005 ex
964 939 1049 1004 urbe
1075 937 1323 1022 profugientes

257 1059 427 1132 quantum
446 1051 572 1134 potuit,
592 1051 690 1129 texit,
709 1050 835 1134 quibus
854 1050 956 1114 rebus
975 1048 1210 1133 indiguerunt,
1230 1046 1325 1113 adiri·

258 1159 316 1224 vit.
364 1158 489 1224 Publio
511 1165 594 1225 vero
616 1159 809 1226 Volumnio
832 1180 870 1224 ea
892 1157 1021 1236 tribuit,
1043 1167 1083 1223 ut
1105 1158 1202 1240 plina
1224 1162 1244 1221 a
1266 1176 1324 1240 pa-

257 1278 353 1333 rente
381 1268 551 1352 proficisci
579 1275 650 1333 non
679 1268 868 1353 potuerint.
922 1268 994 1351 Ipsi
1022 1277 1140 1333 autem
1170 1264 1324 1341 Fulviae,

206 1396 338 1441 Iocum
361 1376 477 1442 litibus
500 1377 721 1443 distineretur
742 1383 949 1462 magnisque
972 1375 1159 1442 terroribus
1182 1380 1324 1440 vexare-

257 1495 323 1563 tur,
341 1492 436 1551 tanta
452 1486 631 1570 diligentie
647 1486 802 1552 officium
820 1507 922 1552 suum
938 1484 1117 1569 praestitit,
1135 1495 1172 1550 ut
1191 1484 1324 1548 nollum

258 1594 313 1659 illa
339 1595 465 1660 stiterit
490 1594 728 1661 vadimonium
755 1595 828 1661 sine
855 1595 985 1673 Attico,
1013 1594 1152 1659 Atticus
1178 1599 1326 1677 sponsor

258 1702 414 1768 omnium
437 1709 552 1768 rerum
576 1704 686 1770 fuerit.
735 1703 831 1788 Quin
856 1703 971 1781 etiam,
995 1723 1075 1768 cum
1100 1702 1154 1767 illa
1177 1701 1323 1768 fundum

258 1811 408 1876 secunde
429 1811 567 1877 fortona
588 1813 725 1878 emisset
746 1813 780 1877 in
801 1813 892 1878 diem
914 1833 1028 1896 neque
1051 1822 1129 1896 post
1151 1809 1324 1876 calamita·

201 1946 235 1996 -ις
257 1931 328 1984 tem
346 1926 522 1986 versoram
539 1921 650 1987 facere
669 1921 849 2006 potuisset,
867 1921 922 1987 ille
941 1927 977 1987 se
995 1919 1201 2004 interposuit
1220 1925 1324 2004 pecir·

257 2029 417 2113 niamque
434 2030 508 2095 sine
525 2028 663 2097 faenore
681 2030 824 2114 sineque
843 2031 912 2096 olla
929 2029 1151 2114 stipulatione
1169 2027 1323 2104 credidit,

256 2138 450 2203 maximum
469 2139 673 2205 existimans
691 2150 886 2224 quaestum,
905 2160 1096 2205 memorem
1115 2144 1324 2224 gratumque

256 2253 434 2332 cognosci,
449 2247 622 2332 simulque
637 2248 793 2334 aperiens
809 2255 846 2315 se
862 2255 932 2315 non
949 2248 1119 2326 fortunae,
1136 2249 1195 2313 sed
1212 2245 1324 2335 homi-

257 2355 358 2421 nibus
378 2357 488 2422 solere
509 2378 584 2423 esse
605 2363 766 2422 amicum.

204 2493 237 2530 20
328 2463 427 2548 Quae
461 2486 541 2530 cum
575 2465 731 2543 faciebat,
766 2472 871 2531 nemo
905 2487 985 2532 eum
1020 2465 1186 2548 temporis
1221 2469 1324 2530 causa

257 2571 368 2639 facere
393 2584 528 2656 poterat
553 2574 766 2653 existimare;
791 2574 922 2639 nemini
946 2574 1037 2640 enim
1064 2574 1097 2638 in
1123 2573 1324 2658 opinionem

257 2681 415 2747 veniebat
430 2681 626 2749 Antonium
643 2689 758 2748 rerum
776 2689 981 2766 potitorum.
1025 2683 1095 2749 Sed
1113 2690 1233 2748 sensus
1250 2681 1324 2748 eius

257 2796 277 2855 a
297 2790 471 2856 nonnullis
492 2791 718 2875 optimatibus
738 2792 1064 2876 reprehendebatur,
1087 2792 1180 2876 quod
1202 2812 1324 2875 parum

258 2899 371 2965 odisse
395 2901 505 2965 malos
529 2906 621 2965 cives
644 2900 828 2966 videretur.
879 2901 941 2966 Ille
964 2912 1094 2988 autem,
1120 2906 1172 2965 sui
1197 2899 1323 2976 iodicii,

205 3038 235 3087 25
258 3007 374 3090 potius
397 3008 479 3091 quid
502 3015 538 3074 se
560 3009 672 3075 facere
695 3015 757 3092 par
779 3020 869 3075 esset
891 3009 1091 3075 intuebatur
1114 3029 1217 3096 quam
1241 3006 1324 3093 quid

257 3116 313 3182 alii
330 3117 500 3182 laudatori
519 3117 641 3184 forent.

327 3225 373 3292 X.
390 3226 567 3292 Conversa
581 3227 697 3293 subito
712 3228 850 3293 fortona
866 3239 925 3294 est.
967 3228 1017 3294 Ut
1034 3228 1209 3293 Antonius
1225 3226 1325 3293 rediit

231 3330 234 3334 ⁴
257 3333 292 3398 in
305 3315 453 3412 ltaliam,
470 3342 574 3401 nemo
591 3342 662 3401 non
678 3336 859 3421 magnoin
876 3337 1031 3420 periculo
1047 3336 1208 3402 Atticum
1225 3341 1325 3419 puta-

258 3454 310 3509 rat
330 3455 471 3528 propter
491 3444 649 3509 intimam
670 3443 937 3510 familiaritatem
960 3444 1136 3510 Ciceronis
1159 3456 1193 3510 et
1215 3444 1323 3509 Broti.

205 3579 237 3627 30
260 3553 381 3638 Itaque
404 3553 447 3619 ad
470 3552 657 3619 adventum
680 3553 929 3637 imperatorum
953 3553 997 3619 de
1019 3554 1095 3618 foro
1119 3554 1324 3629 decesserat,

259 3661 385 3728 timens
416 3661 716 3746 proscriptionem,
750 3662 947 3744 latebatque
980 3661 1071 3744 apud
1105 3661 1142 3726 P.
1177 3661 1325 3726 Volum-

259 3771 367 3850 nium,
392 3769 458 3857 cui,
483 3779 521 3835 ut
545 3769 770 3845 ostendimus,
795 3770 898 3852 paulo
920 3779 1001 3836 ante
1025 3789 1129 3853 opem
1154 3769 1325 3834 tulerat-
