3020 4372
214 221 255 286 70
554 218 744 272 CORNELII
772 217 940 270 NEPOTIS
989 216 992 225 ’

217 401 386 466 Remenis
411 399 611 483 remigrevit
637 398 799 475 Remam,
826 408 864 462 ut
890 403 1015 481 opinor
1041 396 1080 462 L.
1109 396 1214 462 Cotte
1241 395 1281 460 L.

215 509 398 593 Torquato
422 507 635 585 censulibus;
660 527 766 591 quem
790 505 1027 571 discedentem
1052 512 1099 570 sic
1123 505 1284 570 universa

143 687 147 693 ,
216 618 336 684 civitais
351 615 618 682 Atheniensium
633 621 816 699 prosecuta
831 625 893 692 est,
910 627 948 680 ut
963 613 1109 679 lacrimis
1126 611 1284 679 desiderii

216 727 321 792 futuri
341 726 497 791 dolorem
520 725 695 790 indiceret.

283 836 326 901 V.
346 835 509 900 Habebat
526 835 737 900 avunculum
756 834 801 917 Q.
821 833 1019 910 Caecilium,
1038 832 1192 916 equitem
1212 832 1283 895 Ro·
1303 844 1323 894 5,

215 950 369 1021 menum,
402 943 604 1009 iamilierem
638 942 677 1008 L.
714 942 861 1018 Luculli,
895 941 1049 1017 divitem,
1084 938 1284 1004 difficillime

215 1057 351 1129 natirre;
382 1051 480 1117 citius
509 1058 556 1117 sic
587 1051 810 1134 asperitatem
841 1050 972 1116 veritus
1004 1060 1065 1126 est,
1098 1059 1146 1125 ut,
1178 1066 1282 1130 quem

215 1167 319 1226 neme
343 1160 430 1226 ferre
452 1172 580 1244 posset,
605 1161 707 1225 huius
730 1160 803 1225 sine
827 1159 1021 1225 offensiene
1045 1158 1087 1224 ad
1111 1177 1282 1223 summam

215 1275 429 1336 senectutem
450 1270 628 1336 retinuerit
649 1268 939 1335 benevolentiam.
986 1268 1070 1351 Qui>
1091 1266 1183 1333 facte
1204 1264 1283 1332 tulit

215 1378 355 1462 pietetis
378 1379 540 1444 fructum.
589 1378 757 1444 Caecilius
781 1379 873 1444 enim
896 1376 1048 1443 moriens
1072 1380 1282 1441 testemente
1304 1401 1334 1439 ιο

214 1487 393 1570 adoptevit
415 1508 496 1553 eum
517 1487 751 1571 heredemque
773 1488 853 1553 fecit
874 1509 920 1552 ex
941 1486 1110 1551 dodrante
1118 1508 1125 1563 ;
1148 1507 1193 1551 ex
1214 1490 1282 1568 que

214 1595 404 1662 hereditete
433 1595 564 1680 accepit
593 1596 726 1661 circiter
755 1596 908 1660 centiens
938 1595 1143 1660 sestertium.
1199 1593 1282 1658 Erat

215 1708 326 1787 nupta
346 1724 445 1769 soror
464 1703 574 1770 Attici
596 1704 640 1787 Q.
664 1704 779 1769 Tullio
803 1703 972 1781 Cicereni,
996 1709 1122 1786 easque
1144 1701 1282 1785 nepties

216 1812 266 1877 M.
289 1811 411 1878 Cicerei
432 1813 639 1891 concilierat,
661 1833 740 1878 cum
761 1819 832 1897 que
852 1819 872 1878 e
892 1811 1169 1896 condiscipulatu
1190 1816 1282 1876 vive·

215 1921 272 1986 bat
292 1920 584 1998 coniimctissime,
605 1923 716 1986 multe
736 1922 839 1987 etiam
860 1921 1058 1986 lamilierius
1076 1940 1181 2004 quam
1201 1940 1282 1984 cum
1303 1946 1332 1997 ις

216 2029 366 2113 Quinte;
384 2041 422 2095 ut
440 2028 581 2095 iudiceri
598 2029 706 2113 possit
723 2031 800 2113 plus
819 2031 852 2094 in
869 2030 1019 2095 amicitie
1036 2031 1148 2094 valere
1166 2028 1281 2094 simili-

213 2137 369 2203 tudinem
396 2144 534 2203 merum
562 2158 665 2221 quam
693 2137 908 2205 affinitatem.
961 2119 1135 2204 Utebetur
1162 2148 1280 2203 autem

215 2247 335 2311 intime
359 2246 403 2331 Q.
429 2246 632 2324 Hortensii),
655 2253 714 2330 qui
738 2253 786 2312 eis
809 2247 1025 2329 temporibus
1049 2245 1281 2331 principetum

212 2354 434 2440 eloquentiae
455 2356 610 2435 tenebat,
632 2366 670 2421 ut
693 2354 849 2441 intellegi
870 2363 941 2422 nen
963 2366 1081 2440 posset
1104 2366 1183 2422 uter
1203 2377 1297 2422 eum·

214 2464 291 2547 plirs
314 2463 482 2548 diligeret,
507 2464 629 2530 Cicere
651 2486 694 2529 an
718 2464 944 2543 Hortensius;
968 2476 1011 2541 et,
1036 2464 1069 2529 id
1092 2464 1186 2548 quod
1210 2475 1281 2531 erat
1301 2493 1339 2531 20.

214 2572 464 2651 difficillimum,
478 2573 648 2639 efficiebat
664 2584 712 2651 ut,
728 2575 816 2639 inter
830 2581 919 2658 quos
933 2585 1049 2640 tantae
1065 2574 1175 2640 laudis
1191 2584 1282 2641 esset

214 2682 412 2760 aemulatio,
439 2684 530 2755 nulla
556 2683 783 2749 intercederet
809 2684 1017 2750 obtrectetici
1044 2695 1205 2768 essetque
1231 2689 1281 2750 te-

214 2792 298 2856 lium
313 2790 466 2856 virorum
483 2793 616 2875 copula.

255 2907 257 2912 ’
284 2900 347 2965 VI.
371 2900 412 2964 In
433 2907 469 2965 re
489 2900 627 2985 publice
648 2900 695 2966 ita
715 2912 767 2966 est
787 2907 956 2979 versetus,
979 2914 1016 2967 ut
1038 2923 1173 2986 semper
1193 2900 1281 2984 opti-

214 3015 350 3073 merum
368 3011 517 3092 partium
535 3020 568 3075 et
587 3021 676 3075 esset
695 3021 729 3076 et
748 3011 1015 3089 existimaretur,
1034 3034 1148 3095 neque
1166 3022 1281 3076 tamen
1301 3038 1331 3088 25

214 3123 250 3183 se
268 3117 425 3183 civilibus
443 3117 605 3183 fluctibus
623 3119 868 3197 committeret,
889 3120 983 3203 quod
1002 3126 1073 3185 nen
1091 3120 1203 3205 magis
1221 3126 1281 3187 ees

215 3226 248 3290 in
269 3233 330 3291 sue
349 3232 524 3309 potestate
543 3227 762 3292 existimebat
782 3249 866 3305 esse,
887 3235 947 3311 qui
967 3235 1002 3294 se
1023 3230 1075 3294 his
1095 3229 1280 3305 dedissent,

215 3355 319 3418 quam
340 3341 399 3418 qui
421 3335 601 3400 maritimis
623 3335 839 3401 iacterentur.
889 3337 1054 3403 Honeres
1077 3345 1147 3402 nen
1171 3337 1280 3422 petiit,

215 3464 295 3508 cum
321 3450 353 3508 ei
376 3450 531 3526 paterent
556 3455 699 3527 propter
723 3445 777 3509 vel
805 3445 953 3528 gratiam
978 3446 1033 3512 vel
1059 3446 1281 3530 dignitetem;

215 3553 310 3636 quod
337 3574 449 3635 neque
475 3559 546 3636 peti
573 3560 670 3619 mere
698 3554 868 3618 meierum
897 3575 1010 3637 neque
1037 3562 1112 3638 capi
1139 3567 1280 3638 possent
1301 3587 1332 3633 30

215 3668 429 3727 censervetis
446 3662 581 3745 legibus
599 3662 633 3726 in
651 3674 720 3727 tam
739 3662 857 3727 effusis
875 3663 1024 3729 ambitus
1041 3666 1281 3748 largitionibus

216 3792 326 3868 neque
345 3777 417 3869 geri
435 3777 454 3834 e
472 3777 507 3834 re
526 3769 662 3868 priblice
681 3771 753 3835 sine
772 3772 927 3867 periculo
945 3780 1116 3870 corruptis
1134 3773 1281 3847 civitetis
