3020 4372
661 236 875 291 HAMILCAR
1263 230 1299 298 55

235 427 256 487 e
283 419 393 505 patria
420 428 562 503 accepta
589 418 752 484 adversus
780 417 897 483 hostes
925 413 1126 483 adversariis
1153 413 1298 480 tradere.

236 530 353 595 Huius
374 527 581 614 pertinaciae
601 527 703 592 cessit
725 526 877 592 Catulus

305 639 352 704 ΙΙ.
379 637 428 702 At
453 637 508 702 ille
533 647 571 702 ut
597 634 845 720 Carthaginem
870 635 974 712 venit,
1000 634 1112 698 multo
1138 632 1238 698 aliter
1262 652 1301 696 ac

234 753 386 833 sperarat
408 767 481 812 rem
502 744 676 829 publicam
698 750 734 809 se
756 743 944 809 habentem
968 741 1146 826 cognovit.
1196 740 1303 805 Nam-

200 874 213 924 5
235 878 301 941 que
317 855 543 920 diuturnitate
558 859 694 921 externi
709 853 789 918 mali
804 863 939 917 tantum
956 851 1085 917 exarsit
1100 851 1302 916 intestinum

235 966 376 1043 bellum,
398 975 437 1029 ut
459 984 650 1047 numquam
673 962 706 1026 in
729 968 802 1046 pari
824 960 977 1045 periculo
999 959 1101 1025 fuerit
1124 958 1301 1041 Carthigo

235 1072 298 1138 nisi
314 1094 394 1138 cum
411 1073 523 1138 deleta
539 1083 599 1138 est.
643 1072 761 1136 Primo
779 1068 1004 1136 mercennarii
1022 1067 1158 1144 milites
1177 1065 1302 1150 quibus

235 1183 398 1248 adversus
419 1183 600 1247 Romanos
619 1187 672 1246 usi
692 1191 798 1258 erant,
818 1180 1048 1254 desciverunt,
1069 1182 1219 1260 querum
1240 1196 1302 1238 nu-

236 1312 351 1356 merus
369 1301 441 1357 erat
457 1291 580 1374 viginti
598 1290 741 1355 milium.
785 1289 815 1353 Ii
831 1295 942 1354 totam
959 1287 1195 1353 abalienarunt
1212 1270 1303 1351 Ᾰίτί-

185 1432 215 1468 ιο
236 1421 322 1478 cam,
343 1399 453 1484 ipsam
475 1398 721 1484 Carthaginem
741 1401 1001 1483 oppugnirunt.
1047 1395 1185 1480 Quibus
1205 1396 1303 1459 malis

235 1509 322 1574 adeo
338 1520 418 1574 sunt
436 1508 547 1574 Poeni
563 1508 743 1591 perterriti,
760 1519 799 1573 ut
815 1508 918 1573 etiam
934 1505 1061 1570 auxilia
1076 1505 1118 1570 ab
1135 1505 1303 1570 Romanis

236 1617 409 1703 petierint;
425 1639 533 1701 eaque
549 1617 786 1702 impetrarunt.
826 1615 896 1682 Sed
912 1620 1082 1692 extremo,
1099 1635 1178 1679 cum
1195 1633 1303 1697 prope

238 1725 306 1792 iam
331 1724 373 1791 ad
400 1726 678 1810 desperatienem
705 1725 951 1809 pervenissent,
980 1723 1215 1788 Hamilcarem
1241 1723 1304 1786 im-

237 1841 433 1918 periterem
450 1835 617 1900 iecerunt.
659 1834 694 1899 Is
709 1840 780 1898 non
796 1834 909 1899 selum
927 1834 1045 1899 hostes
1062 1838 1205 1897 aminis
1224 1830 1304 1897 Car-

186 1973 215 2023 15
237 1942 389 2027 theaginis
422 1943 582 2021 removit,
617 1963 697 2008 cum
732 1942 879 2026 amplius
913 1953 1054 2006 centum
1089 1941 1181 2005 milia
1216 1940 1304 2006 facta

238 2062 351 2118 essent
371 2058 595 2129 armatorum,
616 2051 799 2117 sedetiam
823 2057 865 2116 eri
886 2050 1065 2134 compulit,
1087 2060 1125 2115 ut
1146 2051 1303 2114 locerum

237 2160 405 2245 angustiis
421 2161 527 2226 clausi
541 2160 656 2244 plures
671 2160 760 2225 fame
776 2180 881 2242 quam
897 2160 986 2225 ferro
1001 2161 1187 2225 interirent.
1217 2158 1304 2225 Om-

238 2269 293 2334 nia
311 2269 439 2353 oppida
457 2268 656 2344 abalienata,
677 2267 712 2331 in
732 2274 780 2333 eis
800 2268 943 2333 Uticam
963 2279 1066 2351 atque
1088 2267 1304 2351 Hipponem,

238 2377 469 2444 valentissima
485 2385 592 2444 totius
608 2361 756 2455 Africae,
773 2377 921 2443 restituit
938 2377 1077 2460 patriae.
1119 2375 1245 2459 Neque
1263 2381 1305 2441 eo

184 2515 218 2552 20
239 2485 303 2551 fuit
321 2497 515 2565 contentus
535 2488 594 2553 sed
613 2488 715 2553 etiam
734 2488 820 2552 fines
839 2484 973 2569 imperii
991 2485 1209 2569 propagavit,
1229 2490 1306 2549 tete

238 2580 356 2664 inici
376 2608 511 2663 tantum
532 2597 643 2661 anum
664 2596 824 2674 redunt,
846 2605 883 2660 ut
904 2595 1038 2660 nanum
1059 2595 1093 2658 in
1116 2600 1156 2659 ea
1176 2593 1305 2660 benum

238 2707 411 2773 videretur
427 2705 545 2771 multis
561 2712 659 2770 annis
676 2704 789 2770 luisse.

308 2816 375 2881 III.
400 2815 519 2880 Rebus
541 2812 592 2879 his
613 2836 657 2880 ex
680 2813 851 2880 sententie
875 2819 1022 2897 peractis
1045 2813 1166 2879 fidenti
1188 2813 1305 2877 anime

238 2936 341 3009 atque
356 2924 482 2990 infesto
500 2924 679 3000 Romanis
698 2928 768 3006 quo
785 2922 916 2987 facilius
934 2942 1071 2987 causam
1089 2921 1237 2987 bellandi
1254 2943 1305 2987 re-

184 3061 216 3111 25
239 3039 375 3117 periret,
403 3031 519 3099 effecit
546 3041 583 3097 ut
610 3031 799 3114 imperitos
825 3052 905 3096 cum
932 3030 1087 3096 exercitii
1115 3030 1149 3094 in
1178 3030 1305 3113 Hispe-

239 3142 330 3207 niam
346 3141 552 3218 mitteretur,
569 3147 681 3224 eoque
697 3146 815 3206 secum
831 3139 931 3205 duxit
946 3140 1055 3204 filium
1073 3139 1305 3204 Hannibalem

239 3255 410 3314 annorum
430 3267 569 3312 novem.

310 3356 372 3422 IV.
392 3355 442 3421 At
461 3355 650 3433 Hamilcar,
671 3361 897 3439 posteaquam
918 3342 1010 3420 mare
1032 3353 1165 3420 transiit
1186 3354 1220 3418 in
1241 3353 1306 3418 Hi-

240 3465 466 3549 spainiamque
486 3465 591 3541 venit,
611 3471 756 3549 magnas
777 3471 831 3530 res
852 3463 1003 3529 secunda
1025 3463 1130 3547 gessit
1152 3463 1305 3540 fortuna;

185 3604 219 3653 30
240 3575 410 3639 maximas
452 3573 798 3656 bellicosissimasque
841 3579 963 3657 gentes
1006 3571 1154 3654 subegit,
1199 3577 1306 3655 equis,

240 3687 353 3758 armis
374 3681 464 3758 viris,
485 3680 631 3764 pecunia
651 3687 763 3746 tritam
783 3680 1006 3763 locupletavit
1028 3666 1190 3747 [lincam.
1236 3681 1306 3745 Hic

242 3814 322 3860 cum
342 3794 376 3860 in
398 3792 531 3860 ltaliam
550 3790 679 3859 bellum
698 3789 823 3859 inferre
844 3789 1078 3871 mediteretur,
1100 3796 1194 3859 nono
1216 3795 1306 3860 anne
