2992 4358
222 232 264 280 20
566 234 756 288 CORNELII
782 234 950 287 NEPOTIS

223 411 440 490 communiit,
456 411 714 477 multitudinem
729 433 834 496 quam
850 418 968 478 secum
985 412 1133 478 duxerat
1148 413 1183 478 in
1199 419 1291 498 agris

223 519 406 586 collocevit
428 521 625 605 crebrisque
648 521 912 587 excursionibus
935 521 1170 605 locupletevit.
1219 522 1252 586 N
1257 544 1290 587 e-

223 651 291 713 que
314 629 429 695 minus
450 629 548 695 inne
571 636 608 695 re
630 628 815 714 prudentie
839 650 944 713 quam
966 629 1131 695 felicitete
1153 628 1291 695 adiutus

223 748 285 805 est.
301 760 312 791 0
329 738 422 804 Nam
442 760 522 804 cum
539 739 666 805 virtute
685 739 838 805 militum
856 738 1037 805 devicisset
1058 740 1211 806 hostium
1231 761 1290 804 ex-

223 848 359 927 ercitus
381 855 517 915 summe
537 848 711 933 aequitete
732 856 786 915 res
808 849 988 915 censtituit
1009 860 1114 933 atque
1135 850 1207 933 ipse
1229 849 1290 914 ibi·
1310 862 1323 911 5

222 957 301 1022 dem
325 964 464 1024 manere
487 958 649 1025 decrevit.
699 958 783 1024 Erat
807 959 899 1023 enim
923 959 1014 1025 inter
1038 964 1097 1024 ebs
1120 957 1289 1042 dignitete

222 1067 327 1152 regie,
347 1088 558 1152 quamquam
578 1069 716 1135 carebat
736 1067 890 1147 nomine,
910 1089 1024 1153 neque
1043 1067 1078 1132 id
1097 1067 1208 1152 magis
1228 1067 1290 1131 im-

221 1177 318 1261 perio
339 1198 443 1260 quarn
463 1177 593 1244 iustitie
614 1184 836 1257 consecutus;
857 1200 971 1262 neque
992 1184 1034 1243 er')
1055 1177 1160 1243 setius
1181 1177 1290 1242 Athe-

222 1287 408 1366 niensibus,
434 1294 454 1353 e
479 1287 605 1372 quibus
632 1298 704 1354 erat
729 1288 917 1373 proiectus
945 1287 1059 1354 officia
1085 1287 1288 1371 praestabat.

222 1396 360 1480 Quibus
374 1398 476 1463 rebus
491 1397 596 1463 fiebat
611 1408 649 1463 ut
665 1404 736 1463 non
751 1398 865 1464 minus
881 1404 1002 1464 ebrum
1019 1397 1199 1463 voluntete
1215 1416 1290 1479 per-
1310 1422 1342 1458 10

222 1516 368 1590 petuum
394 1506 577 1591 imperium
602 1508 778 1574 obtineret
804 1514 863 1591 qui
888 1513 1062 1585 miserant,
1088 1526 1192 1589 quarn
1216 1504 1290 1570 illo-

221 1636 297 1680 rum
315 1637 395 1681 curn
411 1615 536 1699 quibus
553 1628 624 1682 erat
640 1617 826 1702 proiectus,
870 1616 1089 1683 Chersonesi)
1106 1615 1166 1681 teli
1182 1615 1290 1680 mode

222 1725 411 1791 censtitute
432 1725 607 1791 Lemnum
629 1727 813 1792 revertitur
833 1736 867 1792 et
888 1748 932 1791 ex
954 1731 1056 1810 pactd
1078 1725 1230 1809 postulat
1251 1734 1290 1789 ut

221 1834 284 1900 sibi
298 1835 420 1901 urbem
433 1834 665 1901 tredant-illi
678 1836 770 1902 enim
784 1835 955 1914 dixerant,
972 1856 1052 1901 cum
1065 1840 1170 1901 vente
1184 1835 1290 1899 boree

220 1943 327 2010 domo
341 1943 518 2028 profectus
534 1951 576 2010 εό
591 1945 814 2029 pervenisset,
831 1951 904 2011 sese
919 1942 1181 2010 dedituros-se
1198 1942 1289 2009 enim
1310 1967 1339 2017 15

221 2050 366 2117 domum
389 2051 597 2118 Chersonesi
617 2052 753 2118 habere.
800 2052 916 2130 Ceres
937 2058 997 2136 qui
1017 2062 1092 2117 tum
1114 2051 1289 2116 Lemnum

221 2159 427 2239 incolebant,
446 2168 510 2227 etsi
528 2173 665 2246 praeter
682 2162 884 2247 opinionem
902 2168 956 2227 res
974 2160 1152 2238 ceciderat,
1172 2171 1289 2225 tamen

222 2276 293 2335 min
322 2269 426 2348 dicte,
456 2270 515 2336 sed
545 2271 697 2337 secunde
725 2271 863 2337 fortune
892 2269 1167 2338 adverserierum
1198 2273 1288 2352 capti

221 2379 376 2445 resistere
401 2386 476 2445 ausi
499 2385 570 2445 non
594 2391 675 2446 sunt
700 2391 805 2465 atque
831 2403 875 2446 ex
899 2380 1012 2445 insula
1036 2379 1286 2464 demigrarunt.
1306 2400 1317 2429 ν

222 2487 301 2553 Pari
318 2488 484 2556 felicitete
503 2496 635 2556 ceteres
653 2491 794 2568 insules,
813 2480 902 2575 quae
922 2489 1090 2574 Cyclades
1109 2487 1288 2555 nominari·
1308 2514 1342 2551 20

222 2607 286 2675 tur,
306 2598 370 2663 sub
388 2599 657 2664 Atheniensium
676 2599 811 2684 redegit
831 2604 1051 2683 potestetem.

291 2707 357 2773 ΙΙΙ.
384 2708 526 2775 Eisdem
549 2709 765 2793 temporibus
790 2709 974 2774 Perserum
998 2714 1060 2774 rex
1084 2707 1220 2773 Dereus
1244 2729 1289 2772 ex

222 2817 305 2884 Asia
325 2819 360 2882 in
382 2819 560 2902 Eurbpam
583 2819 737 2886 exercitu
760 2820 905 2885 treiecte
928 2817 1066 2902 Scythis
1087 2818 1217 2884 bellum
1236 2823 1288 2881 in-

221 2925 308 2992 lerre
334 2926 495 2992 decrevit.
546 2927 696 2994 Pontem
722 2927 802 2993 lecit
828 2927 863 2993 in
890 2925 1013 2992 Histro
1040 2925 1193 3004 flumine,
1220 2932 1288 3009 que

221 3036 338 3121 eripies
357 3036 561 3103 traduceret.
605 3017 690 3102 Eius
708 3036 835 3122 pontis,
854 3037 939 3102 dum
957 3036 1030 3120 ipse
1049 3036 1193 3113 abesset,
1213 3040 1288 3099 cirs-
1308 3052 1339 3102 25

220 3147 320 3212 tedes
334 3147 471 3231 reliquit
486 3147 658 3232 principes
673 3154 762 3232 quos
777 3154 896 3213 secum
912 3169 957 3213 ex
975 3146 1074 3212 Ionii
1090 3157 1125 3212 et
1140 3136 1288 3211 Aeolide

220 3255 380 3335 duxerat;
404 3256 530 3341 quibus
554 3257 770 3342 singularum
794 3256 931 3323 urbium
956 3267 1123 3340 perpetua
1146 3254 1287 3320 dederat

221 3364 373 3449 imperia.
422 3365 478 3431 Sic
503 3366 594 3431 enim
618 3366 776 3432 facillime
799 3367 934 3450 putevit
957 3373 993 3432 se
1018 3365 1148 3432 Graece
1169 3364 1289 3448 lingue

220 3474 400 3559 loquentes
417 3481 476 3559 qui
492 3474 613 3540 Asiam
629 3474 818 3542 incolerent
836 3477 899 3542 sub
917 3482 978 3542 sue
994 3480 1212 3542 retenturum
1227 3493 1289 3556 po-

220 3589 354 3661 testete
372 3590 401 3649 si
417 3590 535 3649 amicis
553 3591 623 3650 suis
640 3585 768 3668 oppida
786 3585 915 3650 tuenda
933 3583 1144 3662 tredidisset;
1163 3581 1289 3667 quibus
1308 3602 1342 3650 30

223 3699 259 3758 se
282 3698 450 3775 oppressi>
476 3693 568 3757 nulla
592 3698 670 3775 spes
696 3693 813 3758 salutis
839 3694 1101 3777 relinqueretur.
1154 3692 1195 3756 In
1221 3692 1289 3756 hoc

221 3799 286 3865 luit
306 3810 380 3864 tum
401 3806 548 3865 numere
571 3799 755 3866 Miltiades,
803 3800 873 3866 Hic
894 3822 974 3866 cum
996 3802 1106 3867 crebri
1127 3799 1289 3865 afferrent
