3020 4372
209 190 253 257 68
554 208 745 263 connum
773 208 941 263 NEPoTls

215 387 348 466 Anicia,
376 388 564 473 Pomponii
590 389 807 467 consobrina,
835 394 998 472 nupserat
1026 387 1159 466 Servio,
1187 387 1282 452 fratri

214 496 367 581 Sulpicii.
414 498 537 582 Itaque
559 497 740 564 interiecto
762 496 917 581 Sulpicio
940 502 1171 580 posteaquam
1194 494 1280 561 vidit

213 606 373 673 Cinnano
387 606 540 673 tumultu
555 607 731 673 civitatem
745 628 818 672 esse
834 607 1071 689 perturbatam
1086 625 1200 688 neque
1216 602 1279 670 sibi

213 714 285 780 dari
304 715 504 781 facultatem
526 721 590 798 pro
610 714 780 799 dignitate
800 714 949 792 vivendi,
971 719 1054 798 quin
1076 713 1278 778 alterutram

212 835 345 907 partem
368 823 572 901 offenderet,
596 823 788 890 dissociatis
811 823 934 888 animis
957 822 1096 900 civium,
1120 844 1200 888 cum
1223 821 1312 887 aliis

213 932 371 1010 Sullanis,
390 932 446 997 alii
465 931 629 1009 Cinnanis
648 933 802 998 faverent
822 932 986 1017 partibus,
1006 930 1172 997 idoneum
1192 943 1278 996 tem-

151 1087 154 1093 ·
212 1063 277 1125 pus
296 1052 389 1108 ratus
410 1040 532 1107 studiis
553 1040 767 1126 obsequendi
789 1046 859 1107 suis
881 1040 1038 1106 Athenas
1059 1047 1095 1106 se
1117 1039 1276 1106 contulit.

212 1149 338 1234 Neque
357 1155 399 1216 eo
418 1149 524 1216 setius
543 1149 799 1215 adulescentem
821 1148 972 1215 Marium
992 1149 1130 1215 hostem
1150 1148 1278 1214 iudica·

211 1269 286 1325 tum
305 1259 390 1324 iuvit
409 1258 533 1343 opibus
551 1265 632 1336 suis,
652 1258 750 1324 cuius
769 1258 888 1344 lugam
907 1258 1056 1342 pecunia
1074 1258 1275 1324 sublevavit.

211 1368 265 1433 Ac
290 1374 333 1432 ne
358 1367 413 1432 illa
439 1367 673 1453 peregrinatio
699 1367 948 1434 detrimentum
974 1367 1114 1452 aliquod
1140 1367 1276 1434 afferret
1298 1396 1329 1432 ιο

210 1483 259 1542 rei
275 1476 441 1555 familiari,
459 1477 584 1543 eodem
601 1483 767 1561 magnam
784 1487 920 1561 partem
939 1477 1159 1543 fortunarum
1178 1477 1276 1543 traie-

210 1585 256 1651 cit
278 1591 427 1651 suarum.
475 1584 545 1651 Hic
566 1585 614 1651 ita
634 1585 732 1664 vixit,
755 1596 793 1651 ut
814 1586 983 1652 universis
1004 1586 1276 1667 Atheniensibus

210 1694 334 1760 merito
350 1704 439 1761 esset
456 1695 651 1762 carissimus
657 1719 665 1775 ;
682 1717 762 1761 nam
779 1706 913 1780 praeter
929 1696 1088 1781 gratiam,
1105 1717 1192 1779 quae
1209 1694 1276 1759 iarn

209 1803 243 1868 in
258 1803 518 1893 adulescentulo
535 1812 663 1890 magna
679 1816 760 1883 erat,
777 1826 880 1890 saepe
897 1811 966 1871 suis
982 1805 1107 1889 opibus
1124 1804 1276 1888 inopiam
1385 1854 1390 1863 .

209 1918 331 1979 eorum
354 1913 526 1997 publicam
550 1914 685 1981 levavit.
735 1914 825 1981 Cum
849 1916 940 1981 enim
964 1921 1141 1982 versuram
1164 1915 1325 1991 lacere15

209 2021 346 2106 publice
365 2045 506 2089 necesse
527 2035 616 2091 esset
636 2047 749 2109 neque
769 2025 843 2091 eius
864 2024 1108 2091 condicionem
1129 2044 1275 2108 aequam

209 2131 386 2210 haberent,
414 2154 550 2217 semper
576 2141 613 2200 se
639 2135 856 2219 interposuit,
881 2147 985 2219 atque
1012 2135 1069 2212 ita,
1096 2144 1134 2200 ut
1161 2153 1274 2216 neque
1346 2144 1349 2147 “

208 2245 348 2306 [rsuram
368 2262 534 2326 umquam
554 2244 598 2309 ab
619 2249 668 2310 eis
687 2244 857 2327 acceperit
877 2264 990 2328 neque
1010 2242 1149 2327 longius
1170 2262 1274 2326 quam

208 2349 340 2415 dictum
363 2362 452 2418 esset
475 2353 599 2419 debere
622 2375 741 2437 passus
764 2354 816 2421 sit.
863 2353 972 2439 Quod
994 2364 1181 2436 utrumque
1203 2361 1274 2417 erat

98 2475 100 2477 ’
209 2466 258 2526 eIs
281 2461 442 2540 salutare3
465 2484 545 2528 nam
568 2486 682 2548 neque
705 2464 918 2549 indulgendo
942 2463 1192 2530 inveterascere
1216 2467 1274 2526 eo·
1293 2489 1325 2526 20

207 2592 283 2635 rum
300 2593 356 2636 aes
372 2572 522 2638 alienum
539 2574 733 2658 patiebatur
749 2596 862 2658 neque
879 2572 1145 2658 multiplicandis
1163 2576 1274 2637 usuris

208 2686 368 2747 crescere.
413 2682 525 2750 Auxit
545 2683 613 2750 hoc
633 2683 788 2750 officium
809 2683 873 2749 alia
893 2704 1033 2768 quoque
1054 2680 1258 2746 liberalitate
1265 2700 1273 2756 ;

208 2810 287 2854 nam
312 2789 492 2858 universos
516 2792 694 2859 frumento
720 2792 873 2872 donavit,
898 2793 945 2858 ita
970 2803 1008 2858 ut
1032 2791 1176 2875 singulis
1201 2794 1274 2854 seni

206 2898 316 2963 modii
334 2898 438 2966 tritici
458 2900 631 2980 darentur,
652 2908 712 2986 qui
732 2901 857 2968 modus
876 2907 1057 2967 mensurae
1078 2899 1274 2965 medimnus

192 3007 355 3073 Athenis
374 3010 575 3093 appellatur.
1293 3033 1323 3084 2⁵

276 3118 343 3183 ΙΙΙ.
362 3118 432 3184 Hic
448 3131 564 3185 autem
582 3126 629 3186 sic
645 3126 682 3186 se
698 3121 850 3206 gerebat,
867 3132 905 3186 ut
921 3117 1119 3185 eommunis
1134 3116 1273 3192 infimis,

207 3232 269 3309 pa‘tr
296 3226 507 3311 principibus
535 3229 718 3296 videretur.
773 3230 857 3314 Quo
886 3230 1015 3295 iactum
1045 3239 1097 3294 est
1125 3237 1163 3293 ut
1192 3225 1272 3291 huic

206 3342 328 3401 omnes
346 3336 507 3415 honores,
527 3344 615 3421 quos
633 3350 785 3423 possent,
804 3338 941 3422 publice
961 3338 1128 3403 haberent
1147 3342 1273 3402 civem-

206 3465 274 3527 que
306 3444 416 3511 iacere
449 3444 643 3524 studerent;
676 3453 747 3531 quo
779 3445 949 3513 beneficio
981 3446 1036 3512 ille
1069 3451 1120 3510 uti
1151 3444 1270 3509 noluit.

208 3551 385 3635 Quamdiu
410 3553 519 3630 affuit,
545 3560 588 3619 ne
611 3576 678 3638 qua
702 3555 765 3620 sibi
791 3565 901 3620 statua
926 3560 1113 3638 poneretur
1138 3553 1271 3629 restitit,
1291 3582 1324 3630 30

207 3658 329 3722 absens
355 3660 538 3742 prohibere
564 3666 635 3725 non
663 3661 787 3743 potuit.
840 3661 962 3744 Itaque
988 3660 1120 3743 aliquot
1147 3659 1211 3743 ipsi
1238 3667 1272 3724 et
1320 3735 1322 3739 y

208 3763 351 3834 Phidiae
381 3766 465 3836 loeis
497 3767 719 3839 sanctissimis
751 3775 957 3859 posuerunt3
988 3769 1082 3840 hunc
1113 3768 1206 3843 enim
1238 3766 1273 3839 in
