3020 4372
684 236 857 292 ATTICUS
1264 235 1305 302 77

236 434 449 500 quemquam
474 416 537 481 nisi
561 416 656 481 domi
680 422 801 482 natum
825 418 999 500 domique·
1015 417 1144 482 iactum
1169 412 1302 495 habuit;

238 525 332 609 quod
358 536 409 590 est
436 532 576 610 signum
603 532 674 590 non
700 527 813 591 solum
841 526 1085 603 continentiae,
1113 525 1173 592 sed
1200 524 1303 590 etiam

236 633 442 718 diligentiae.
490 633 581 698 Nam
605 643 637 699 et
660 640 731 698 nen
753 633 1024 717 intemperanter
1046 639 1302 717 concupiscere,

236 742 330 825 quod
350 747 371 807 a
390 741 546 825 plurimis
566 742 696 819 videas,
717 743 929 808 continentis
950 742 1052 808 debet
1074 743 1164 820 dirci,
1186 752 1219 808 et
1240 763 1302 826 po-

199 864 213 917 5
236 851 303 915 tius
329 851 496 916 industria
523 872 628 934 quam
655 851 766 935 pretio
793 857 913 935 parare
939 857 1010 916 non
1037 850 1222 916 mediocris
1251 860 1302 916 est

234 958 442 1044 diligentiae.
488 943 652 1044 Elegans,
672 966 743 1025 non
762 959 979 1045 magnificus,
1000 959 1211 1044 splendidus
1231 965 1302 1024 nen

234 1072 475 1150 sumptuesus;
491 1068 675 1152 omnisque
691 1067 869 1152 dIligentia
885 1068 1102 1146 munditiam,
1119 1074 1190 1132 non
1206 1067 1302 1133 afflu-

235 1176 363 1242 entiam
383 1175 576 1242 affectabat.
622 1176 790 1261 Supellex
809 1176 956 1254 modica,
977 1183 1047 1242 non
1067 1176 1186 1254 multa,
1207 1188 1246 1242 ut
1268 1177 1302 1241 in

134 1297 136 1301 ·
234 1295 392 1350 neutram
409 1295 542 1368 partem
560 1284 714 1368 conspici
729 1296 856 1368 posset.

182 1421 215 1461 10
304 1392 337 1457 N
341 1415 379 1458 ec
396 1394 602 1477 praeteribe,
620 1413 832 1477 quamquam
849 1393 1023 1458 nonnullis
1040 1395 1114 1459 leve
1132 1378 1245 1459 visum
1261 1398 1303 1457 iri

235 1512 365 1585 putem,
388 1523 469 1567 cum
491 1502 659 1585 imprimis
682 1503 796 1566 lautus
819 1512 908 1567 esset
932 1523 1038 1586 eques
1063 1501 1244 1567 Romanus
1268 1513 1301 1567 et

234 1616 305 1675 non
326 1631 448 1695 parum
468 1609 655 1677 liberaliter
675 1611 821 1675 domum
841 1632 939 1676 suam
959 1598 1117 1676 omnium
1139 1611 1301 1676 ordinum

235 1720 394 1785 homines
417 1721 589 1800 invitaret,
613 1729 683 1787 non
707 1721 854 1805 amplius
877 1743 982 1805 quam
1006 1733 1104 1788 tema
1127 1721 1220 1807 milia
1244 1741 1302 1804 pe·

234 1836 361 1914 raeque
380 1830 414 1894 in
434 1830 591 1916 singulas
610 1837 747 1896 menses
767 1853 811 1897 ex
831 1830 1050 1913 ephemeride
1071 1851 1151 1896 eum
1172 1836 1302 1914 expen-

182 1964 212 2016 15
235 1960 312 2004 sum
333 1945 487 2024 sumptui
507 1940 595 2006 ferre
616 1941 765 2006 solitum.
812 1940 930 2025 Atque
952 1941 1018 2006 hoc
1040 1947 1111 2005 non
1133 1939 1301 2016 auditum,

235 2048 294 2114 sed
317 2050 500 2134 cegnitum
523 2051 777 2135 praedicamus;
801 2073 901 2136 saepe
925 2051 1017 2117 enim
1040 2048 1184 2135 propter
1206 2049 1302 2114 lami-

234 2157 417 2225 liaritatem
437 2160 636 2226 domesticis
657 2162 759 2226 rebus
781 2161 1011 2228 interfuimus.
1093 2147 1095 2151 ¹

303 2266 405 2333 XIV.
427 2268 543 2335 Nemi)
560 2271 595 2334 in
614 2270 775 2335 convivii)
793 2271 866 2336 eius
884 2270 975 2335 aliud
994 2275 1154 2336 acroama
1171 2266 1301 2334 audivit

234 2395 337 2459 quarn
352 2383 580 2461 anagnesten,
597 2364 772 2462 quod'nes
788 2379 930 2463 quidem
947 2378 1234 2444 iucundissimum
1251 2398 1302 2442 ar-

179 2507 214 2546 20
233 2484 415 2564 bitramur;
445 2507 557 2569 neque
588 2508 755 2570 umquam
785 2488 857 2553 sine
887 2489 1000 2572 aliqua
1030 2487 1179 2553 lectione
1210 2485 1301 2571 apud

235 2614 314 2659 eum
339 2600 501 2660 cenatum
527 2606 588 2673 est,
615 2603 747 2663 utnon
773 2597 1027 2662 minus'animo
1052 2617 1156 2682 quam
1182 2606 1301 2662 ventre

234 2709 401 2769 convivae
417 2702 680 2771 delectarentur.
723 2705 883 2788 Namque
901 2711 961 2771 ees
976 2706 1134 2783 vocabat,
1151 2711 1301 2789 querum

235 2817 350 2876 mores
375 2818 395 2876 a
421 2818 490 2877 suis
516 2818 587 2878 non
612 2814 848 2879 abhorrerent.
899 2813 989 2880 Cum
1015 2825 1109 2880 tanta
1135 2813 1301 2899 pecuniae

234 2918 323 2985 lacta
344 2931 433 2986 esset
454 2921 616 3000 accessiri,
639 2922 721 2987 nihil
743 2924 787 2988 de
808 2923 1000 2989 cottidiano
1023 2925 1118 2989 cultri
1142 2922 1301 3002 mutavit,

179 3051 212 3104 25
234 3027 317 3092 nihil
336 3028 379 3093 de
395 3034 486 3094 vitae
505 3030 768 3107 consuetudine,
787 3037 950 3114 tantaque
969 3037 1052 3096 risus
1072 3043 1123 3097 est
1143 3032 1302 3096 modera-

234 3135 339 3213 tiene,
363 3148 401 3202 ut
423 3148 536 3220 neque
560 3136 594 3202 in
618 3138 776 3204 sestertio
800 3138 939 3215 viciens,
964 3140 1060 3223 quod
1084 3145 1104 3205 a
1128 3150 1223 3224 patre
1247 3161 1301 3204 ac-

234 3251 382 3328 ceperat,
401 3266 523 3329 parum
541 3253 576 3312 se
594 3246 772 3331 splendide
791 3248 938 3331 gesserit
955 3270 1069 3332 neque
1089 3249 1123 3312 in
1142 3247 1301 3314 sestertii)

234 3354 387 3419 centiens
413 3354 612 3420 affluentius
638 3355 772 3432 vixerit,
799 3376 903 3438 quam
928 3357 1132 3433 instituerat,
1158 3363 1322 3440 parique,

234 3461 373 3545 lastigie
406 3463 539 3528 steterit
571 3462 605 3527 in
639 3470 785 3547 utraque
817 3463 964 3529 fortana.
1025 3464 1149 3530 Nullos
1182 3464 1302 3531 habuit

179 3597 214 3647 ³0
234 3569 366 3647 hortos,
395 3570 524 3636 nullam
553 3571 785 3636 suburbanam
815 3583 875 3637 aut
906 3572 1114 3637 maritimam
1145 3579 1302 3658 sumptu-

234 3684 330 3744 6sam
347 3680 474 3755 villam,
492 3700 604 3762 neque
622 3679 655 3743 in
672 3660 783 3754 italia,
802 3689 936 3762 praeter
953 3680 1156 3745 Arretinum
1175 3693 1207 3748 et
1228 3682 1301 3747 Ne-

234 3794 448 3865 mentanum,
475 3787 642 3853 rusticum
669 3788 860 3871 praedium,
887 3787 1071 3872 omnisque
1097 3789 1171 3854 eius
1197 3795 1302 3876 pecir-
