3020 4372
695 207 868 265 ATTICUS
1275 204 1313 276 75

247 386 362 455 omnia
379 394 539 473 persequi
557 400 590 455 et
607 396 678 454 nun
695 389 937 454 necessarium.
982 389 1071 456 Illud
1088 396 1198 455 unum
1216 390 1313 455 intel·

248 499 316 583 legi
342 499 514 575 volumus,
542 498 630 563 illius
656 499 897 564 liberalitatem
924 520 1038 583 neque
1065 499 1312 582 temporariam
1357 566 1361 572 ,

247 628 358 691 neque
375 606 532 671 callidam
547 607 659 672 fuisse.
703 607 742 672 Id
761 629 805 672 ex
822 607 904 691 ipsis
921 608 1023 673 rebus
1041 629 1080 673 ac
1097 608 1313 691 temporibus

248 715 388 780 iudicari
407 725 534 797 potest,
553 715 649 798 quod
667 722 738 780 nun
757 715 959 785 florentibus
978 723 1014 782 se
1032 716 1235 794 venditavit,
1252 716 1312 782 sed

212 840 224 888 5
246 823 379 888 afflictis
399 844 537 907 semper
557 824 739 901 succurrit;
760 831 819 908 qui
840 824 981 908 quidem
1002 825 1191 904 Serviliam,
1215 826 1313 890 Bruti

246 939 402 1010 matrem,
422 939 492 997 nun
512 933 626 998 minus
644 943 723 1017 post
742 944 892 999 mortem
912 934 985 999 eius
1005 955 1110 1018 quam
1130 935 1312 1000 herentem

246 1041 401 1108 coluerit.
444 1041 500 1108 Sic
516 1042 718 1109 liberalitate
735 1048 837 1108 utens
855 1044 965 1109 nullas
982 1043 1178 1109 inimicitias
1195 1042 1312 1127 gessit,

246 1152 342 1233 quod
362 1172 474 1235 neque
495 1151 653 1217 laedebat
674 1172 885 1236 quemquam
906 1174 1029 1236 neque,
1052 1159 1079 1217 si
1101 1173 1205 1237 quam
1225 1151 1313 1216 iniu-

246 1260 329 1324 riam
359 1265 549 1343 acceperat,
581 1268 652 1327 nun
682 1262 832 1328 malebat
863 1262 1018 1328 oblivisci
1049 1281 1153 1346 quam
1184 1261 1311 1326 ulcisci.

195 1397 227 1433 10
243 1349 345 1432 idem
365 1369 553 1434 immortali
572 1370 739 1436 memoria
758 1382 922 1455 percepta
941 1370 1109 1436 retinebat
1129 1368 1313 1447 beneficia3

246 1498 334 1560 quae
356 1490 472 1543 autem
492 1479 564 1562 ipse
586 1480 761 1558 tribuerat,
784 1492 853 1545 tam
877 1480 935 1544 diu
958 1479 1175 1556 meminerat,
1198 1478 1312 1562 quoad

247 1585 300 1650 ille
320 1592 439 1670 gratus
459 1597 530 1652 erat
548 1594 608 1671 qui
624 1594 814 1672 acceperat.
860 1589 982 1673 Itaque
1002 1589 1057 1653 hic
1077 1587 1156 1653 lecit
1176 1597 1215 1652 ut
1233 1591 1313 1652 vere

246 1695 378 1760 dictum
397 1695 568 1763 videatur:
660 1767 663 1771 ,

417 1862 467 1915 Sui
478 1863 577 1930 cuique
590 1867 683 1915 mures
696 1860 806 1931 tingunt
819 1861 957 1915 fortunam
972 1860 1137 1915 hdminibus.

195 2047 224 2096 15
247 2021 373 2106 Neque
395 2033 511 2088 tamen
532 2022 587 2087 ille
607 2022 701 2106 prius
722 2023 898 2088 fortunam
919 2044 1023 2107 quam
1045 2029 1081 2087 se
1103 2022 1176 2106 ipse
1198 2020 1312 2099 tinxit,

246 2137 305 2214 qui
321 2131 411 2196 cavit
426 2137 470 2196 ne
486 2137 554 2214 qua
572 2131 605 2195 in
623 2137 659 2197 re
675 2131 749 2197 iure
767 2133 982 2216 plecteretur.

316 2239 401 2304 XII.
438 2240 505 2304 His
539 2239 646 2324 igitur
678 2242 781 2305 rebus
815 2239 930 2308 effecit
965 2251 1002 2306 ut
1039 2241 1088 2305 M.
1124 2238 1312 2322 Vipsanius

246 2349 412 2433 Agrippa,
447 2348 568 2414 intima
599 2349 829 2415 familiaritate
863 2349 1069 2415 coniunctus
1102 2348 1313 2418 adulescenti

247 2458 393 2535 Caesari,
413 2479 494 2523 cum
513 2469 655 2542 propter
674 2479 771 2523 suam
793 2459 942 2543 gratiam
962 2469 997 2525 et
1018 2457 1170 2523 Caesaris
1190 2468 1313 2541 poten-

193 2589 227 2626 20
245 2569 327 2632 tiam
344 2566 470 2632 nullius
488 2567 700 2633 condiciunis
718 2574 789 2633 nun
807 2568 949 2633 haberet
967 2573 1187 2651 potestatem,
1205 2565 1313 2649 potis-

245 2677 371 2741 simum
387 2675 460 2742 eius
475 2676 642 2761 deligeret
658 2676 865 2742 affinitatem
882 2681 1172 2759 praeoptaretque
1189 2672 1312 2759 equitis

244 2784 396 2850 Romani
425 2785 531 2851 tiliam
562 2792 813 2871 generusarum
844 2783 983 2868 nuptiis.
1039 2783 1157 2867 Atque
1190 2783 1312 2848 harum

247 2895 445 2978 nuptiarum
468 2896 670 2962 conciliator
691 2896 874 2962 fuit-nun
896 2907 947 2962 est
971 2894 1063 2960 enim
1085 2893 1314 2959 celandum-

248 3005 298 3070 M.
326 3004 512 3083 AntuniuS,
539 3005 758 3071 triumvirum
785 3012 832 3071 rei
859 3004 1016 3089 publicae
1042 3000 1311 3068 constituendae.

193 3135 224 3185 25
247 3113 355 3179 Cuius
372 3114 483 3198 gratia
501 3135 580 3179 cum
598 3121 726 3199 augere
743 3113 978 3198 possessiunes
996 3122 1113 3191 posset
1132 3116 1221 3187 suaS,
1240 3120 1313 3174 tan-

247 3233 321 3287 tum
340 3222 425 3288 afuit
444 3230 463 3289 a
481 3223 672 3307 cupiditate
692 3223 869 3308 pecuniae,
890 3233 927 3288 ut
947 3222 1041 3287 nulla
1059 3221 1094 3284 in
1114 3226 1149 3284 re
1168 3224 1250 3283 usus
1270 3217 1313 3281 sit

249 3332 375 3397 canisi
398 3333 433 3395 in
455 3332 680 3416 deprecandis
703 3338 895 3398 amicorum
918 3340 977 3396 aut
1001 3328 1160 3413 periculis
1182 3337 1240 3392 aut
1264 3325 1313 3390 in-

248 3442 453 3507 commodis

317 3549 425 3634 Quod
440 3550 581 3633 quidem
596 3550 660 3614 sub
676 3548 750 3632 ipsa
764 3547 1016 3632 prescriptione
1032 3545 1223 3631 perillustre
1239 3543 1313 3610 fuit.

195 3683 228 3731 30
250 3658 342 3723 Nam
363 3679 442 3723 cum
465 3658 505 3723 L.
529 3657 644 3724 Saufei
666 3656 790 3740 equitis
812 3656 974 3733 Rumam,
997 3655 1149 3737 aequalis
1171 3659 1233 3729 sui,
1255 3657 1315 3735 qui

249 3767 446 3851 complures
467 3772 575 3831 annus
596 3764 713 3830 studia
733 3766 859 3830 ductus
879 3762 1117 3847 philosophiae
1139 3761 1315 3826 habitabat
