2992 4358
572 302 575 307 ,
645 244 866 300 MILTIADES
1250 244 1290 311 23

223 431 390 504 venirent,
410 424 574 491 dimicare
595 425 679 492 irtile
698 424 936 491 arbitrabatur.
981 426 1104 509 ltaque
1125 424 1159 490 in
1180 422 1290 490 aciem

223 535 380 619 peditum
400 545 552 613 centum,
572 535 730 619 equitum
749 534 871 601 decem
891 533 984 599 milia
1003 532 1171 618 produxit
1191 554 1290 617 proe-

222 644 376 728 liumque
391 643 575 709 commisit.
617 643 658 708 In
674 649 745 728 qua
760 649 858 709 tanto
874 645 950 728 plus
966 643 1093 709 virtute
1109 643 1290 708 valuerunt

222 753 466 831 Athenienses,
490 763 528 818 ut
552 752 800 837 decemplicem
824 772 1010 819 numerum
1034 752 1187 818 hostium
1210 758 1289 837 pra-

188 879 202 932 5
222 862 383 947 fligarint,
398 862 557 946 adeeque
573 868 633 928 ees
648 868 918 946 perterruerunt,
936 872 974 928 ut
991 862 1115 927 Persae
1132 868 1202 926 nan
1219 882 1290 926 cas·

222 982 283 1050 tra,
298 971 358 1037 sed
372 962 478 1037 naves
491 971 661 1055 petierint.
702 970 783 1055 Qua
797 976 917 1056 pugna
931 971 1014 1036 nihil
1029 971 1142 1037 adhuc
1158 969 1290 1037 exstitit

222 1081 385 1160 nabilius;
402 1081 495 1146 nulla
510 1080 602 1146 enim
619 1101 787 1165 umquam
804 1091 876 1146 tam
893 1080 1022 1166 exigua
1038 1101 1162 1147 manus
1178 1087 1289 1148 tantas

222 1196 307 1274 opes
324 1190 520 1275 prostravit.

290 1299 354 1366 VI.
370 1299 479 1366 Citius
493 1299 659 1366 victeriae
674 1306 745 1365 nen
759 1300 909 1366 alienum
924 1299 1061 1366 videtur
1076 1301 1177 1383 quale
1193 1321 1290 1385 prae·

173 1438 205 1476 ιο
222 1409 332 1475 mium
355 1409 504 1475 Miltiadi
527 1410 571 1476 sit
593 1410 763 1476 tribatum
786 1409 922 1489 docere,
946 1416 1017 1495 qua
1039 1410 1170 1476 facilius
1193 1411 1290 1476 intel-

224 1521 293 1605 legi
318 1521 427 1605 possit
454 1520 598 1587 eandem
626 1505 785 1587 omnium
811 1520 991 1587 civitatum
1018 1543 1093 1588 esse
1120 1527 1288 1587 naturam.

222 1627 273 1694 Ut
303 1627 395 1694 enim
425 1629 547 1713 populi
578 1628 730 1695 Romani
761 1630 912 1695 honeres
943 1629 1120 1714 quondam
1151 1629 1290 1695 fuerunt

224 1741 289 1802 rari
308 1746 343 1802 et
360 1742 482 1803 tenues
500 1738 546 1803 ob
565 1758 711 1822 eamque
731 1758 869 1804 causam
889 1738 1043 1823 glariosi,
1063 1759 1155 1804 nunc
1174 1748 1290 1804 autem

225 1845 326 1912 effusi
344 1856 449 1931 atque
469 1847 629 1925 obsoleti,
650 1854 698 1914 sic
718 1847 803 1914 elim
822 1848 915 1932 apud
934 1847 1165 1914 Athenienses
1185 1847 1290 1913 fuisse

173 1984 204 2037 ις
223 1962 421 2040 reperimus,
463 1956 625 2040 Namque
640 1958 721 2023 huic
738 1957 897 2035 Miltiadi,
915 1964 974 2041 qui
990 1957 1148 2024 Athenas
1164 1963 1290 2023 tetam-

224 2087 291 2150 que
309 2064 489 2133 Graeciam
506 2068 675 2146 liberarat,
692 2068 769 2134 talis
785 2068 898 2134 hones
914 2067 1063 2134 tributus
1080 2076 1142 2145 est,
1158 2067 1193 2131 in
1211 2086 1290 2150 por-

223 2174 293 2241 ticir
321 2197 410 2260 quae
438 2175 578 2243 Poecile
605 2184 760 2255 vocatur,
789 2199 869 2244 cum
898 2183 1017 2263 pugna
1045 2176 1291 2261 depingeretur

224 2285 454 2364 Marathonia,
470 2298 508 2352 ut
524 2287 558 2351 in
574 2287 696 2353 decem
713 2293 913 2371 praetorum
930 2292 1076 2353 numere
1092 2291 1203 2371 prima
1217 2285 1291 2352 eius

224 2394 342 2480 image
362 2402 551 2480 paneretur
569 2396 668 2481 isque
688 2395 885 2462 hortaretur
904 2395 1030 2461 milites
1050 2396 1291 2479 proeliumque

172 2532 205 2572 ao
224 2502 482 2571 committeret·
503 2485 603 2571 idem
617 2506 672 2570 ille
686 2506 846 2590 populus,
861 2494 1090 2590 posteaquam
1104 2504 1215 2570 maius
1228 2504 1291 2569 im·

224 2613 358 2697 perium
373 2625 425 2680 est
439 2625 559 2680 nactus
574 2627 608 2680 et
624 2615 805 2699 largitiene
821 2615 1090 2700 magistratuum
1107 2622 1291 2698 corruptus

225 2733 287 2801 est,
307 2729 478 2790 trecentas
497 2731 628 2792 statuas
648 2725 829 2790 Demetrio
850 2724 1019 2790 Phalereo
1039 2723 1201 2790 decrevit.

291 2832 375 2899 VII.
391 2833 475 2900 Post
489 2833 556 2899 hec
570 2834 740 2918 proelium
754 2835 899 2901 classem
914 2833 1135 2918 septuaginta
1150 2831 1291 2899 navium

223 2942 456 3009 Athenienses
479 2943 593 3009 eidem
617 2944 765 3009 Miltiadi
788 2944 968 3021 dederunt,
991 2953 1029 3008 ut
1050 2943 1180 3008 insulas
1202 2963 1290 3027 quae

170 3079 203 3131 25
224 3052 387 3117 barbaros
408 3051 610 3118 adiitverant
630 3053 721 3118 bello
744 3058 1016 3138 persequeretur.
1064 3052 1148 3136 Qua
1170 3052 1206 3116 in
1227 3052 1290 3116 im-

224 3161 320 3244 peria
339 3161 520 3246 plerasque
539 3162 581 3227 ad
601 3161 755 3227 officium
776 3162 886 3229 redire
906 3162 1033 3247 coegit,
1053 3160 1236 3226 nonnullas
1257 3167 1291 3226 vi

224 3271 448 3355 expugnavit.
488 3272 544 3335 Ex
559 3271 611 3337 his
626 3271 752 3336 Parum
766 3272 913 3337 insulam
929 3272 1054 3355 opibus
1069 3272 1194 3337 elatam
1210 3291 1290 3335 cum

224 3380 380 3447 oratione
393 3380 616 3447 reconciliare
629 3387 700 3445 nan
714 3391 842 3464 posset,
857 3380 975 3465 capias
989 3387 1008 3446 e
1022 3379 1167 3446 navibus
1181 3378 1290 3446 edux-

225 3489 261 3565 it,
286 3489 407 3554 urbem
431 3488 593 3571 operibus
619 3489 738 3554 clausit
764 3495 929 3573 omnique
955 3494 1153 3554 commeatu
1179 3493 1290 3572 priva-

170 3629 205 3679 ³0
225 3597 287 3674 vit;
305 3597 385 3663 dein
403 3604 513 3663 vineis
532 3619 571 3663 ac
589 3597 821 3663 testudinibus
839 3597 1035 3663 constitistis
1054 3597 1205 3680 propius·
1215 3602 1290 3662 mu-

224 3712 281 3771 ros
297 3706 448 3772 accessit.
492 3705 581 3772 Cum
598 3706 667 3771 iam
684 3705 718 3771 in
736 3713 778 3772 eo
796 3717 884 3772 esset
902 3718 941 3772 ut
959 3706 1091 3790 oppido
1109 3713 1289 3790 potiretur,

225 3818 345 3906 procul
358 3816 393 3887 in
409 3816 600 3888 continenti
616 3816 724 3894 lucus,
740 3822 799 3907 qui
815 3838 860 3883 ex
875 3815 986 3887 insula
1002 3815 1289 3907 conspiciebatur,
