2992 4358
610 243 901 299 EPAMINONDAS
1249 246 1291 312 39

220 425 291 505 qui,
313 440 394 485 cum
416 432 551 505 patrem
573 443 676 488 suum
699 422 937 502 interfecisset,
961 445 1006 489 ex
1028 428 1139 490 mitre
1162 424 1288 490 liberos

221 534 448 612 procreassen
474 529 554 595 huic
579 530 614 595 in
639 530 883 614 respondendo
909 531 1181 615 Epaminondas,
1208 552 1287 597 cum

220 636 263 701 de
284 642 407 702 ceteris
430 643 634 720 pereresset,
657 648 843 723 postquam
864 639 908 704 ad
929 639 986 705 illa
1007 639 1078 705 duo
1102 639 1289 724 opprobria

220 744 387 828 pervenit,
402 745 562 811 admirerf
578 752 615 812 se
630 746 719 812 dixit
734 747 914 813 stultitiam
929 748 1075 814 rhetoris
1091 748 1212 825 Attici,
1229 753 1288 831 qui

185 868 199 919 5
220 858 290 918 nen
304 853 597 932 animadverterit,
612 854 816 922 innocentes
830 856 906 922 illos
920 863 1022 922 netes
1037 857 1145 935 dorni,
1162 857 1289 922 scelere

220 960 372 1027 admisso
399 983 480 1028 cum
507 963 616 1047 patria
643 974 758 1032 essent
784 965 931 1051 expulsi,
957 949 1117 1052 receptos
1144 986 1219 1033 esse
1244 965 1288 1031 ab

219 1069 502 1138 Atheniensibus.

289 1178 358 1246 Sed
382 1180 536 1247 maxime
560 1180 634 1248 eius
658 1182 857 1268 eloquentia
880 1182 991 1251 elirxit
1016 1181 1158 1269 Spartae
1182 1183 1288 1269 legeti

219 1298 300 1355 ante
323 1293 479 1374 pugnam
504 1290 733 1358 Leuctricam.
782 1291 866 1377 Qui)
890 1313 970 1358 cum
994 1293 1153 1359 omnium
1177 1292 1288 1358 socio-

168 1418 297 1462 1orum
326 1398 570 1465 convenissent
599 1399 717 1485 legisti,
748 1407 865 1467 coram
895 1400 1175 1486 frequentissimi)
1205 1420 1288 1466 con-

219 1511 324 1572 ventu
349 1512 398 1572 sic
424 1507 784 1574 Lacedaemoniorum
809 1510 1029 1594 tyrannidem
1054 1507 1223 1594 coarguit,
1249 1518 1287 1574 ut

219 1619 290 1678 non
309 1614 424 1681 minus
444 1615 501 1681 illa
520 1616 677 1683 erectione
698 1623 783 1701 opes
805 1623 927 1684 eorum
948 1617 1162 1683 concusserit
1183 1637 1288 1700 quam

219 1723 402 1790 Leuctrica
417 1729 547 1810 ptigna.
587 1725 680 1791 Tum
696 1726 789 1791 enim
805 1725 959 1810 perfecit,
976 1725 1071 1810 quod
1088 1736 1166 1810 post
1183 1730 1288 1810 appe-

218 1831 297 1911 ruit,
318 1843 356 1899 ut
375 1833 506 1899 auxilio
527 1834 798 1901 Lacedaemonii
817 1834 993 1901 sociorum
1014 1840 1239 1920 priverentur.

167 1964 197 2018 15
287 1941 371 2008 VII.
390 1942 510 2009 Fuisse
527 1942 716 2028 patientem
731 1949 945 2028 suorumque
960 1943 1101 2009 inferiis
1117 1942 1287 2009 ferentem

218 2050 357 2129 civium,
377 2051 474 2135 quod
494 2058 531 2118 se
549 2053 680 2138 patriae
699 2059 800 2119 iresci
819 2052 915 2119 neiis
934 2074 1008 2119 esse
1028 2052 1181 2131 duceret,
1202 2053 1287 2118 haec

217 2169 297 2225 sunt
315 2159 523 2228 testimenia.
567 2160 657 2229 Cum
677 2182 758 2228 eum
777 2171 922 2246 propter
939 2161 1103 2227 invidiam
1123 2166 1215 2227 cives
1234 2166 1287 2226 sui

218 2268 403 2353 praeficere
431 2268 599 2336 exercitui
626 2270 819 2337 neluissent
845 2271 990 2354 duxque
1017 2279 1107 2336 esset
1121 2270 1286 2335 delectus

217 2377 297 2443 belli
322 2377 514 2463 imperitus,
539 2378 637 2445 cilius
662 2384 779 2445 errere
803 2384 857 2445 res
882 2384 924 2445 eb
949 2388 1038 2445 esset
1063 2378 1221 2456 deducta,
1248 2387 1286 2443 ut

164 2512 198 2552 20
217 2493 340 2553 omnes
360 2487 403 2552 de
422 2488 532 2553 salirte
552 2487 845 2572 pertimescerent,
865 2487 961 2571 quod
981 2488 1139 2553 locorum
1159 2507 1286 2572 angus-

217 2596 273 2662 tiis
295 2597 401 2662 clausi
423 2597 466 2662 ab
489 2597 647 2663 hostibus
671 2597 930 2675 obsidebantur,
953 2595 1138 2662 desiderari
1161 2605 1286 2680 coepta

217 2715 268 2771 est
287 2706 553 2791 Epaminondae
571 2705 751 2792 diligentia
757 2728 765 2785 ;
783 2715 856 2771 erat
875 2705 968 2772 enim
985 2704 1031 2770 ibi
1051 2710 1204 2789 privetus
1223 2725 1286 2768 nu-

216 2821 314 2880 mero
330 2814 457 2881 militis.
499 2794 532 2880 Ᾰ
550 2821 622 2899 qui)
639 2836 719 2881 cum
736 2823 893 2899 peterent
910 2834 1026 2898 opem,
1044 2813 1173 2878 millam
1191 2812 1285 2879 adhi-

216 2923 291 2990 buit
320 2924 525 2990 memoriam
555 2924 788 2991 contumeliae
819 2935 853 2990 et
882 2922 1074 2989 exercitum
1104 2921 1285 2989 obsidione

163 3054 194 3105 25
216 3032 398 3122 liberatum
418 3033 564 3100 domum
585 3033 726 3100 redixit
747 3033 970 3099 incolumem.
1017 3031 1093 3097 Nec
1112 3036 1195 3096 veri)
1217 3030 1285 3095 hoc

216 3142 323 3208 semel
344 3141 436 3219 fecit,
459 3141 518 3207 sed
541 3141 687 3226 saepius.
735 3141 894 3207 Maxime
916 3150 1034 3207 autem
1057 3139 1120 3205 fuit
1143 3139 1284 3215 illustre,

216 3270 297 3315 cum
328 3249 363 3314 in
395 3250 676 3334 Peloponnesum
709 3250 901 3316 exercitum
933 3248 1089 3315 duxisset
1120 3246 1284 3313 adversus

217 3357 512 3424 Lacedaemoniis
550 3359 762 3442 haberetque
801 3359 954 3442 collegis
993 3357 1093 3435 dues,
1133 3361 1284 3440 quorum

216 3468 303 3533 alter
325 3478 396 3533 erat
423 3467 617 3550 Pelopidis,
643 3467 695 3534 vir
718 3467 817 3533 fortis
841 3489 880 3533 ac
906 3472 1075 3533 strenuus.
1127 3465 1177 3529 Hi
1202 3485 1283 3531 cum

162 3603 195 3652 30
216 3575 416 3643 criminibus
434 3576 710 3643 adversarierum
730 3581 852 3641 omnes
872 3575 906 3639 in
925 3575 1089 3641 invidiam
1109 3573 1283 3639 venissent

217 3673 432 3769 ob‘eamque
456 3707 529 3751 rem
551 3684 734 3768 imperium
758 3691 807 3750 eis
831 3694 921 3749 esset
944 3684 1153 3769 abrogatum
1177 3692 1283 3765 atque

216 3793 251 3864 in
267 3800 389 3867 eorum
404 3795 521 3860 locum
536 3794 592 3860 alii
606 3799 783 3878 praetores
799 3791 1052 3871 successissent,
1070 3792 1284 3875 Epaminon-
