2992 4358
543 894 606 960 IV.
639 885 948 960 IPHICRATES

283 1075 309 1140 1.
335 1053 527 1158 Iphicrates
546 1073 769 1139 Atheniensis
787 1080 858 1138 nen
878 1084 950 1140 tam
969 1072 1210 1160 megnitiidine
1230 1080 1281 1139 re-

214 1204 291 1248 rum
311 1190 489 1268 gesterum
510 1204 614 1268 quam
636 1183 816 1267 discipline
836 1183 975 1249 militari
995 1185 1196 1250 nebilitatus
1219 1191 1280 1249 est.

215 1291 296 1357 Fuit
320 1291 412 1357 enim
437 1291 513 1356 telis
538 1291 621 1370 dux,
647 1301 685 1356 ut
711 1297 781 1355 nen
806 1292 920 1356 selum
944 1292 1066 1357 aetatis
1092 1314 1174 1358 suae
1200 1312 1279 1357 cunr

213 1407 331 1485 primis
348 1407 616 1484 compararetur,
634 1399 693 1465 sed
710 1406 753 1466 ne
769 1399 812 1466 de
830 1399 1018 1467 maieribus
1035 1406 1121 1466 netu
1139 1400 1281 1486 quidem

179 1535 193 1586 5
213 1511 394 1595 quisquam
405 1516 684 1594 antepeneretur.
724 1510 879 1575 Multum
892 1516 975 1575 vere
989 1510 1127 1575 inbelle
1142 1520 1193 1576 est
1206 1531 1281 1576 ver-

214 1627 316 1698 satus,
339 1641 441 1703 saepe
464 1619 673 1685 exercitibus
695 1619 853 1703 praefuit,
875 1624 1046 1703 nusquam
1069 1620 1170 1703 culpe
1192 1620 1280 1685 male

214 1750 286 1794 rem
306 1728 423 1813 gessit,
445 1750 581 1813 semper
600 1728 745 1794 censilie
766 1728 848 1794 vicit
870 1739 1076 1813 tantumque
1099 1735 1141 1795 ee
1163 1729 1281 1806 valuit,

214 1850 253 1905 ut
277 1840 385 1906 multa
409 1839 443 1904 in
469 1846 505 1905 re
530 1840 672 1905 militari
696 1841 821 1924 partim
847 1862 940 1906 nova
964 1839 1129 1918 attulerit,
1155 1839 1280 1924 partim

213 1950 354 2015 meliera
374 1949 502 2015 fecerit.
551 1949 714 2033 Namque
734 1949 789 2016 ille
811 1949 985 2034 pedestria
1005 1970 1100 2015 arma
1122 1947 1279 2014 natitavit.

163 2083 194 2119 10
214 2059 303 2124 Cum
319 2070 397 2124 ante
414 2059 510 2123 illum
527 2058 776 2143 imperatdrem
792 2060 955 2124 meximis
972 2059 1100 2143 clipeis,
1118 2057 1281 2124 brevibus

213 2168 327 2261 hastis,
344 2169 486 2234 mimitis
502 2167 625 2253 gladiis
642 2174 833 2246 uterentur,
852 2169 907 2235 ille
925 2174 944 2233 e
962 2165 1135 2234 contrarie
1153 2167 1281 2250 peltam

212 2284 275 2362 pre
288 2284 406 2361 parma
419 2277 568 2343 lecit-e
581 2284 653 2361 que
667 2285 791 2362 postea
805 2279 970 2362 peltastae
985 2277 1118 2361 pedites
1131 2275 1281 2360 appella-

213 2389 425 2453 bantur—ut
439 2388 482 2452 ad
497 2394 615 2454 mettis
629 2394 889 2472 concursusque
905 2397 1019 2454 essent
1032 2386 1190 2464 levirires,
1205 2385 1282 2450 has-

213 2506 267 2562 tae
290 2496 436 2561 modum
459 2495 659 2581 duplicevit,
684 2497 818 2582 gladies
842 2496 1019 2581 longieres
1042 2495 1132 2561 iecit.
1179 2476 1281 2559 idem

161 2627 192 2677 15
213 2627 325 2690 genus
352 2599 537 2672 lencerum
564 2628 696 2673 novum
723 2605 872 2673 instituit
899 2616 933 2672 et
960 2612 1024 2690 pre
1052 2612 1149 2671 sertis
1177 2613 1281 2687 atque

214 2721 328 2781 aeneis
353 2715 476 2782 lintees
502 2715 609 2783 dedit.
663 2716 746 2802 Qui)
774 2716 866 2781 lacte
895 2713 1128 2799 expeditirires
1155 2711 1281 2778 milites

214 2823 375 2905 reddidit;
404 2846 485 2890 nam
513 2827 666 2910 pondere
695 2826 864 2904 detrecte,
892 2824 987 2909 quod
1015 2829 1125 2908 aeque
1154 2842 1281 2905 eorpus

214 2945 347 3019 tegeret
365 2946 399 3001 et
417 2937 492 3002 leve
511 2946 599 3002 esset
618 2935 760 3002 stitivit.

283 3045 329 3111 Π.
356 3044 493 3112 Bellum
522 3067 602 3112 cum
630 3044 841 3112 Thraecibus
870 3042 988 3130 gessit,
1018 3041 1198 3119 Seuthem,
1228 3061 1283 3106 so·

160 3175 193 3212 20
213 3153 305 3219 cium
321 3154 599 3234 Atheniensium,
617 3155 652 3221 in
668 3163 816 3241 regnum
833 3153 992 3221 restituit.
1034 3152 1141 3237 Apud
1160 3149 1283 3218 Corin-

214 3264 315 3331 thum
333 3272 429 3332 tante
449 3250 630 3332 severitete
650 3265 819 3332 exercitui
839 3263 996 3349 praefuit,
1016 3274 1055 3330 ut
1075 3262 1187 3327 nullae
1207 3280 1282 3325 um-

214 3396 317 3459 quam
347 3375 381 3440 in
413 3374 555 3442 Graeciae
584 3397 698 3459 neque
729 3373 987 3441 exercitatieres
1018 3371 1138 3456 cripiae
1169 3391 1282 3454 neque

150 3502 153 3507 '
214 3485 324 3570 magis
343 3485 437 3551 dicte
456 3485 635 3552 audientes
654 3484 781 3551 luerint
801 3484 891 3561 duci,
912 3484 947 3548 in
969 3504 1115 3566 eamque
1137 3485 1282 3547 censue-

214 3594 371 3661 tudinem
389 3594 535 3660 adduxit
552 3605 601 3672 ut,
620 3614 700 3659 cum
718 3593 840 3676 proelii
857 3599 996 3676 signum
1014 3593 1055 3656 ab
1074 3590 1282 3674 imperetere

160 3724 193 3773 25
215 3714 304 3771 esset
319 3703 450 3781 datum,
466 3703 538 3769 sine
554 3701 650 3768 ducis
664 3708 770 3785 opere
785 3708 833 3767 sic
848 3700 1025 3766 drdinetae
1042 3700 1281 3773 censisterent,

215 3822 254 3880 ut
269 3812 397 3898 singuli
411 3819 432 3878 ai
447 3810 657 3896 peritissime
673 3809 882 3894 imperatere
899 3808 1057 3893 dispositi
1072 3807 1280 3892 viderentur.

1071 3930 1087 3977 9
