2992 4358
219 207 260 290 36
564 225 754 279 conuscu
781 222 949 277 respons

219 402 451 471 familiaritate
464 404 716 489 anteposuerit;
731 425 844 487 neque
857 403 951 487 prius
967 424 1047 469 eum
1060 410 1081 469 a
1095 411 1132 470 se
1147 405 1287 483 dimisit,

218 534 323 597 quam
353 513 388 577 in
417 514 583 580 doctrinis
611 520 708 578 tanto
737 513 919 578 antecessit
950 512 1216 598 condiscipulos,
1248 524 1286 580 ut

217 623 315 689 facile
332 623 486 708 intellegi
501 635 619 708 posset
636 629 710 707 pari
727 622 834 687 moda
851 628 1094 706 superaturum
1112 630 1234 691 omnes
1251 625 1286 690 in

217 739 338 799 ceteris
352 734 491 799 artibus
531 733 651 817 Atque
667 733 752 799 haec
767 733 809 798 ad
825 746 979 798 nostram
996 732 1286 801 consuetudinem

217 854 298 909 sunt
316 843 404 909 levia
419 853 452 908 et
469 842 588 927 potius
604 843 859 908 contemnenda
866 865 874 920 ;
891 853 924 908 at
941 843 976 907 in
994 842 1147 922 Graecia,
1166 843 1285 927 utique
1306 860 1319 909 5

217 953 311 1031 olim,
331 958 479 1036 magnae
499 952 592 1018 laudi
611 963 716 1019 erant.
762 952 953 1037 Postquam
974 953 1128 1037 ephebus
1148 965 1198 1020 est
1217 954 1285 1019 lac-

217 1074 273 1127 tus
293 1072 326 1127 et
346 1062 533 1146 palaestrae
553 1063 632 1127 dare
653 1083 795 1145 operam
816 1062 944 1147 coepit,
965 1069 1037 1127 non
1057 1074 1129 1129 tam
1150 1063 1284 1148 magni-

216 1170 328 1236 tudini
351 1171 476 1236 virium
499 1171 639 1237 servivit
663 1192 769 1255 quam
793 1172 983 1251 velocitati3
1008 1172 1099 1237 illam
1125 1172 1217 1238 enim
1240 1172 1283 1237 ad

216 1281 425 1346 athletarum
445 1287 558 1359 fisum,
579 1283 667 1346 hanc
688 1281 731 1347 ad
752 1282 832 1348 belli
854 1281 1076 1348 existimabat
1098 1281 1284 1348 utilitatem
1304 1289 1309 1300 '

216 1388 395 1474 pertinere.
445 1390 567 1473 Itaque
592 1391 819 1457 exercebatur
842 1390 1030 1475 plurimum
1054 1390 1224 1456 currendo
1250 1399 1284 1456 et
1305 1417 1336 1454 10

216 1499 379 1565 lactanda
400 1499 442 1565 ad
465 1520 545 1566 eum
567 1499 685 1578 finem,
707 1500 822 1584 quoad
843 1507 937 1566 stans
959 1502 1145 1583 complecti
1166 1508 1283 1585 posset

215 1619 319 1693 atque
335 1608 556 1675 contendere.
598 1609 639 1674 In
655 1616 759 1675 armis
775 1615 857 1675 vero
875 1609 1063 1693 plurimum
1080 1608 1184 1675 studii
1202 1614 1284 1674 can-

215 1719 382 1786 sumebat.

284 1828 351 1894 ΙΙΙ.
369 1829 426 1894 Ad
443 1829 532 1895 hanc
549 1829 703 1914 corporis
720 1829 924 1895 firmitatem
942 1829 1039 1914 phira
1057 1828 1161 1895 etiam
1178 1827 1283 1894 animi

214 1939 306 2004 bona
325 1950 548 2005 accesserant.
594 1940 683 2005 Erat·
700 1939 792 2006 enim
812 1940 1002 2017 modestus,
1024 1938 1185 2023 prudens
1206 1958 1282 2022 gra·
1303 1960 1334 2012 ις

214 2048 276 2127 νίε,
308 2049 524 2131 temporibus
555 2049 728 2132 sapienter
757 2054 868 2126 utens,
901 2054 1031 2132 peritus
1062 2048 1152 2125 belli,
1184 2045 1282 2112 fortis

215 2162 330 2235 manu,
357 2155 473 2221 anima
501 2157 668 2235 maxima,
695 2158 783 2223 adea
808 2157 961 2223 veritatis
988 2156 1146 2241 diligens,
1174 2166 1212 2221 ut
1238 2161 1282 2220 ne

214 2265 293 2330 ioco
311 2265 453 2348 quidem
470 2272 684 2332 mentiretur.
724 2246 827 2332 idem
845 2266 1037 2343 continens,
1056 2267 1207 2331 clemens
1224 2285 1282 2350 pa-

214 2374 373 2459 tiensque
399 2375 641 2441 admirandum
667 2375 701 2440 in
729 2376 885 2453 modum,
913 2382 984 2441 non
1011 2375 1123 2440 solum
1150 2373 1280 2459 populi,

213 2483 272 2550 sed
289 2482 394 2549 etiam
409 2489 601 2549 amicorum
617 2485 729 2550 ferens
744 2484 895 2561 mitanas,
912 2484 946 2548 in
963 2490 1082 2569 primis
1097 2481 1282 2549 commissa
1301 2508 1335 2547 ω

214 2592 339 2670 celanS,
368 2593 533 2677 quodque
562 2593 737 2669 interdum
765 2599 836 2658 non
865 2593 978 2658 minus
1006 2593 1147 2676 prodest
1175 2612 1280 2676 quam

214 2701 341 2768 diserte
364 2702 489 2781 dicere,
514 2703 690 2769 studiesus
714 2702 889 2780 audiendi;
913 2723 957 2767 ex
982 2701 1049 2767 hoc
1074 2701 1165 2768 enirn
1190 2698 1281 2767 facil-

213 2812 294 2877 lime
311 2812 396 2878 disci
413 2813 650 2879 arbitrabatur.
694 2813 816 2897 Itaque
834 2833 915 2877 cum
933 2811 967 2877 in
985 2811 1152 2877 circulum
1170 2809 1281 2876 venis-

214 2932 276 3000 set,
294 2922 328 2987 in
346 2928 417 3006 quo
434 2933 493 2988 aut
511 2922 554 2989 de
571 2927 607 2988 re
624 2922 762 3007 publica
780 2923 1013 3007 disputaretur
1030 2933 1090 2988 aut
1109 2922 1152 2986 de
1171 2919 1281 3004 philo-

214 3032 336 3117 sophia
355 3039 470 3099 sermo
489 3033 683 3112 haberetur,
703 3054 895 3118 numquam
915 3032 994 3098 inde
1014 3032 1107 3115 prius
1127 3029 1281 3096 discessit
1301 3053 1332 3105 25

213 3165 317 3228 quam
335 3143 377 3208 ad
397 3144 504 3210 linem
524 3151 639 3211 sermo
659 3155 750 3211 esset
768 3144 950 3210 adductus

283 3254 528 3337 Paupertatem
542 3255 630 3321 adeo
645 3254 743 3321 facile
757 3275 940 3339 perpessus
955 3262 1016 3330 est,
1033 3261 1071 3317 ut
1087 3252 1129 3315 de
1144 3256 1180 3315 re
1195 3249 1281 3334 pub-

213 3363 279 3429 lica
306 3363 390 3428 nihil
419 3375 553 3448 praeter
579 3364 726 3449 gloriam
754 3364 893 3447 ceperit.
947 3363 1153 3427 Amicorum
1181 3359 1216 3424 in
1244 3363 1281 3424 se

213 3474 346 3540 tuendo
375 3473 483 3540 caruit
511 3474 741 3551 facultatibus
771 3473 839 3539 fide
866 3473 908 3538 ad
936 3472 1020 3537 alios
1050 3468 1281 3536 sublevandos

215 3605 318 3666 saepe
335 3591 382 3649 sic
399 3590 482 3650 risus
498 3595 562 3659 est,
579 3595 616 3650 ut
634 3584 777 3650 iiidicari
793 3582 902 3666 possit
919 3580 1036 3647 omnia
1053 3587 1083 3648 ei
1101 3601 1180 3645 cum
1198 3584 1281 3644 ami·
1301 3602 1336 3651 30

215 3699 263 3758 cis
288 3692 393 3760 fuisse
418 3694 626 3760 communia.
677 3693 769 3758 Nam
795 3714 874 3757 cum
900 3701 959 3757 aut
985 3689 1111 3756 civium
1138 3694 1281 3754 suorum

214 3800 336 3891 aliquis
352 3803 395 3871 ab
413 3801 572 3874 hostibus
590 3811 678 3874 esset
696 3811 818 3892 captus
837 3810 896 3870 aut
915 3799 1015 3891 virgo
1034 3797 1160 3865 nubilis
1178 3816 1281 3887 prop-
