2992 4358
191 201 235 265 44
534 194 724 252 CORNELII
752 195 883 250 NEPOT
887 196 920 250 IS

195 386 284 465 quos
302 379 336 444 in
355 378 534 445 Graeciam
552 376 724 443 mitteret,
759 376 850 442 Date
868 382 1042 460 potestate
1060 381 1155 440 tanta
1175 375 1262 441 cele·

195 489 298 555 ritate
314 493 397 553 usus
413 497 475 564 cst,
492 498 531 551 ut
547 486 641 570 prius
658 485 693 550 in
708 484 829 550 Asiam
846 505 926 550 cum
943 484 1053 568 copiis
1069 483 1262 567 pervenerit

195 617 299 682 quam
317 596 403 680 regii
418 607 575 678 ⁴satrapae
595 615 676 660 eum
695 601 821 659 scirent
840 593 1046 677 proiectum.
1091 592 1175 676 Quo
1195 592 1263 656 iac-

191 717 267 772 tum
281 717 331 772 est
345 716 384 771 ut
397 711 519 770 omnes
532 705 720 787 imparaitos
734 702 1041 786 imprudentesque
1056 700 1260 767 offenderet.

196 815 237 880 Id
260 825 299 880 ut
322 813 489 898 cognovit
512 812 771 896 Tissaphernes,
795 817 854 895 qui
876 830 1053 876 summum
1077 809 1262 893 imperium
1282 828 1296 878 5

195 937 271 996 tum
288 924 380 989 inter
395 923 588 1007 praefectos
605 923 754 988 habebat
771 921 899 1006 regios,
917 919 1067 986 indutiis
1084 926 1104 985 ai
1122 920 1263 984 Lacone

195 1032 326 1116 petivit,
356 1032 520 1097 simulans
549 1037 586 1096 se
615 1030 695 1096 dare
725 1051 878 1114 operam,
909 1040 946 1095 ut
977 1026 1263 1095 Lacedaemoniis

197 1161 277 1207 cum
302 1147 385 1225 rege
409 1146 622 1217 conveniret,
647 1146 683 1205 re
708 1150 825 1205 autem
850 1145 931 1205 vere
955 1137 998 1204 ad
1024 1137 1143 1221 copias
1168 1157 1262 1202 com-

195 1249 372 1334 parandos,
387 1270 513 1337 easque
528 1248 726 1332 impetrovit
739 1248 962 1313 trimenstres.
1002 1245 1133 1311 leuauit
1147 1253 1263 1310 autem

197 1369 342 1442 uterque
362 1365 399 1425 se
420 1358 493 1424 sine
514 1357 595 1422 dolo
617 1357 767 1423 induties
787 1361 1083 1422 conservetirrum.
1131 1355 1172 1419 In
1194 1359 1264 1437 que
1284 1386 1315 1421 10

196 1468 356 1553 pactione
370 1473 507 1533 summai
521 1466 590 1532 fide
603 1466 729 1532 mainsit
744 1466 944 1551 Agesilaum
959 1470 1081 1530 contro
1097 1485 1136 1530 ea
1151 1463 1264 1527 Tissa·

197 1576 344 1661 phernes
365 1574 448 1640 nihil
469 1574 562 1641 aliud
585 1595 689 1659 quam
711 1576 840 1640 bellum
863 1573 1087 1657 comparevit.
1137 1572 1177 1637 Id
1200 1577 1263 1637 etsi

198 1683 364 1750 sentiebat
388 1684 494 1761 Laco,
518 1695 635 1750 tamen
658 1682 895 1748 iusiurandum
918 1682 1075 1748 servibat
1099 1681 1264 1746 multum-

195 1792 316 1878 quein
335 1799 377 1858 eo
395 1799 432 1858 se
451 1798 618 1877 consequi
637 1791 785 1871 dicebat,
806 1793 901 1876 quod
920 1789 1170 1874 Tissaphernes
1190 1810 1266 1874 per-

194 1903 282 1968 iurio
301 1908 364 1968 suo
383 1913 416 1969 et
433 1902 593 1968 homines
610 1909 680 1968 suis
698 1902 800 1968 rebus
818 1900 1033 1974 abalienaretv
1045 1911 1078 1966 et
1097 1899 1181 1965 deos
1200 1896 1264 1964 sibi
1285 1923 1313 1973 15

196 2017 303 2077 irotos
333 2011 504 2088 redderet,
534 2018 570 2078 se
600 2022 718 2077 autem
749 2016 953 2076 conservato
983 2009 1151 2093 religione
1182 2013 1264 2072 con-

197 2119 334 2186 firmere
359 2120 563 2199 exercitum,
588 2140 668 2185 cum
692 2119 981 2185 animadverteret
1006 2118 1111 2183 deum
1135 2122 1264 2182 mimen

198 2228 308 2295 lacere
340 2235 469 2307 secum,
502 2229 731 2313 hominesque
762 2228 825 2294 sibi
858 2226 1040 2293 conciliore
1073 2225 1264 2301 amiciores

197 2338 294 2422 quod
319 2343 367 2404 eis
391 2338 529 2404 studere
553 2344 789 2416 consuessent,
814 2343 903 2421 quos
928 2341 1135 2403 conservare
1160 2333 1264 2400 fidem

197 2447 362 2513 viderent.
1284 2470 1317 2507 20

203 2576 207 2584 ’
268 2556 334 2621 ΙΙΙ.
358 2556 548 2639 Postquam
569 2555 781 2623 indotiorum
802 2553 977 2639 praeteriit
997 2553 1081 2631 dies,
1102 2551 1266 2618 barbarus

198 2671 270 2731 non
294 2665 466 2742 dubitens,
491 2666 585 2749 quod
610 2666 716 2750 ipsius
740 2676 836 2732 erant
861 2664 1008 2748 plurima
1032 2654 1206 2728 domicilia
1230 2660 1265 2725 in

198 2773 299 2865 Cairie
316 2784 350 2840 et
368 2795 407 2840 ea
424 2775 521 2858 regio
538 2781 587 2840 eis
603 2773 820 2857 temporibus
836 2774 947 2838 multo
966 2772 1154 2856 putebaitur
1170 2771 1265 2835 locu·

198 2883 395 2967 pletissima,
426 2889 468 2949 eo
499 2883 721 2967 potissimum
751 2882 868 2948 hostes
898 2882 1071 2967 impetum
1102 2882 1264 2956 facturos,

199 2996 320 3056 omnes
347 2996 425 3055 suos
451 2990 569 3074 copies
595 2997 637 3056 eo
663 2996 893 3056 contraxerat.
944 2989 992 3054 At
1018 2987 1204 3073 Agesilaius
1230 2987 1264 3051 in
1284 3016 1315 3066 25

199 3098 386 3184 Phrygiam
411 3105 447 3165 se
470 3098 644 3165 convertit
668 3119 813 3182 eamque
836 3098 930 3182 prius
954 3097 1188 3181 depopuletus
1213 3104 1265 3161 est

198 3236 302 3298 quam
325 3213 572 3297 Tissaphernes
596 3219 742 3296 osquam
766 3219 802 3278 se
825 3219 990 3278 moveret.

268 3323 401 3407 Megnai
443 3323 571 3405 praeda
613 3322 778 3388 militibus
821 3321 1042 3405 locupletetis
1086 3319 1265 3404 Ephesum

198 3430 391 3497 hiemetum
412 3431 605 3497 exercitum
627 3430 766 3497 reduxit
789 3441 893 3514 atque
916 3430 962 3522 ibi
984 3429 1131 3495 officinis
1153 3433 1265 3494 armo-

199 3561 276 3606 rum
296 3540 463 3606 institutis
486 3547 614 3624 migne
637 3539 805 3624 industrio
828 3540 959 3605 bellum
983 3537 1170 3622 apparovit.
1219 3538 1265 3601 Et
1284 3563 1317 3612 30

199 3654 270 3732 quo
304 3648 491 3714 studiosius
526 3655 741 3714 armarentur
772 3647 1012 3732 insigniusque
1047 3653 1264 3722 omittentur,

199 3756 350 3840 praemia
366 3755 558 3840 proposuit,
575 3756 700 3840 quibus
716 3756 939 3834 donarentur,
957 3761 1108 3840 quorum
1124 3752 1266 3839 egregia
