2992 4358
606 205 898 259 EPAMINONDAS
1248 203 1289 270 37

219 398 272 453 ter
293 392 532 471 paupertatem
556 386 717 451 collocari
740 391 812 449 nen
836 394 963 468 posset,
986 389 1179 449 amicorum
1203 403 1286 448 con-

220 497 336 563 cilium
357 496 504 561 habebat
527 507 561 561 et
582 504 752 579 quantum
774 494 920 577 quisque
941 493 1038 559 daret
1059 498 1123 576 pro
1145 492 1286 557 faculta-

220 606 311 671 tibus
326 605 530 688 impetebat.
559 604 717 688 Eamque
733 623 905 668 summam
921 624 1001 668 cum
1017 602 1155 679 iecerat,
1171 600 1287 684 potius

220 735 324 799 quam
355 715 428 798 ipse
458 714 629 798 acciperet
661 712 854 797 pecuniam,
887 711 1080 777 adducebat
1114 729 1194 776 eum
1227 715 1286 793 qui

184 839 198 889 5
220 824 404 907 quaerebat
424 823 467 888 ad
487 828 625 906 eosqui
645 822 879 900 conferebant,
900 826 1001 904 eique
1020 829 1060 885 ut
1081 820 1145 903 ipsi
1165 838 1287 884 nume-

220 938 336 998 rarent
360 931 514 1009 faciebat,
539 943 578 997 ut
601 931 657 997 ille
680 930 723 996 ad
747 950 852 1015 quem
877 951 918 995 ea
939 928 1161 1014 perveniebat
1186 933 1286 993 sciret

220 1050 389 1124 quantum
410 1039 536 1124 cuique
556 1040 707 1106 deberet.

291 1148 353 1215 IV.
373 1148 558 1232 Temptata
576 1160 693 1217 autem
713 1148 786 1214 eius
805 1157 858 1215 est
876 1145 1084 1213 abstinentia
1102 1151 1124 1212 e
1144 1145 1287 1210 Diome-

222 1258 332 1324 donte
360 1256 549 1341 Cyzicen63
576 1278 726 1341 namque
752 1256 781 1322 is
806 1262 934 1340 rogetii
962 1254 1168 1322 Artaxerxis
1196 1253 1287 1338 regis

169 1386 201 1423 10
222 1366 500 1450 Epaminondam
545 1366 692 1451 pecunia
738 1364 1032 1449 corrumpendum
1079 1369 1285 1447 susceperat.

222 1475 292 1541 Hic
314 1481 445 1560 megno
468 1496 547 1541 cum
570 1476 722 1559 pondere
744 1481 818 1541 auri
839 1475 978 1540 Thebas
999 1472 1093 1539 venit
1117 1483 1151 1538 et
1175 1472 1286 1555 Micy-

126 1632 131 1639 ·
219 1585 320 1650 thum
341 1584 651 1662 adulescentulum,
674 1604 778 1669 quern
800 1593 876 1649 tum
899 1581 1161 1667 Epaminondes
1183 1579 1286 1666 pluri-

7 1766 9 1773 ,
115 1786 118 1792 Ι
221 1713 318 1757 mum
351 1692 527 1777 diligebat,
560 1699 714 1777 quinque
745 1693 883 1758 talentis
915 1693 958 1758 ad
991 1711 1089 1757 suam
1124 1688 1287 1774 perduxit

220 1801 446 1868 voluntatem.
488 1802 667 1886 Micythus
683 1801 962 1885 Epaminendam
978 1799 1142 1867 convenit
1159 1810 1192 1865 et
1209 1819 1287 1864 cau-

169 1930 199 1982 15
222 1930 295 1974 sam
316 1911 487 1977 adventus
511 1911 757 1976 Diomedontis
779 1910 942 1977 ostendit.
990 1910 1039 1975 At
1063 1909 1119 1975 ille
1143 1909 1287 1973 Diome-

221 2018 320 2085 donti
334 2025 450 2085 eoram
464 2017 484 2045 “
500 2018 627 2096 Nihil,''
643 2019 765 2103 inquit,
782 2017 904 2103 “opus
920 2018 1068 2103 pecunia
1083 2028 1148 2097 est;
1164 2039 1243 2083 nam
1260 2023 1287 2081 si

222 2133 284 2192 rex
311 2149 350 2194 ea
375 2128 448 2194 vult
475 2149 564 2213 quae
590 2128 764 2195 Thebanis
791 2138 871 2194 sunt
899 2127 1005 2205 utilia,
1032 2126 1151 2212 gretiis
1178 2126 1287 2192 iacere

222 2257 299 2302 sum
315 2239 464 2321 paratus,
482 2243 533 2302 sin
550 2248 669 2303 autem
686 2237 865 2315 eontreria,
884 2243 955 2302 non
973 2237 1076 2302 habet
1093 2242 1168 2303 auri
1184 2246 1287 2319 atque

220 2352 355 2430 argenti
372 2346 462 2412 satis.
505 2347 668 2430 Namque
685 2346 777 2412 orbis
794 2344 963 2413 terrerum
979 2346 1117 2412 divitias
1134 2345 1287 2428 accipere

168 2479 202 2519 20
222 2456 305 2520 nolo
331 2460 395 2539 pro
421 2454 549 2537 patriae
576 2453 728 2521 ceritete.
779 2454 833 2519 Tu
861 2453 957 2538 quod
985 2460 1041 2520 me
1068 2454 1286 2538 incognitum

222 2570 400 2647 temptasti
415 2570 535 2646 tuique
551 2563 698 2630 similem
715 2564 931 2641 existimasti,
947 2569 1018 2628 nen
1034 2570 1142 2629 miror
1156 2562 1288 2646 tibique

220 2678 382 2756 ignesc63
397 2672 456 2737 sed
470 2672 636 2756 egredere
651 2678 807 2757 propere,
823 2679 866 2737 ne
881 2673 966 2737 alies
980 2678 1192 2755 corrumpes
1208 2693 1287 2737 cum

222 2786 278 2846 me
308 2787 380 2846 non
410 2781 573 2864 potueris.
630 2781 677 2845 Et
708 2786 756 2857 tu,
790 2781 959 2864 Micythe,
991 2792 1176 2864 argentum
1208 2780 1287 2845 huic

222 2889 335 2966 redde,
351 2899 420 2966 aut,
437 2889 500 2954 nisi
516 2889 549 2953 id
566 2889 750 2956 censestim
766 2889 858 2967 faciS,
876 2911 945 2973 ego
962 2895 996 2954 te
1013 2890 1145 2955 tradam
1163 2888 1287 2973 magis-

168 3027 199 3076 25
222 2996 365 3062 tretui.''·
408 2998 515 3065 Hunc
537 2997 740 3063 Diomedon
763 3019 843 3063 cum
866 3004 1005 3083 rogeret
1029 3009 1066 3063 ut
1090 3004 1167 3063 tuto
1192 3004 1287 3064 exire

221 3128 361 3190 suaque,
379 3127 468 3190 quae
484 3107 657 3184 attulerat,
675 3106 790 3172 liceret
807 3106 940 3184 efferre,
960 3106 1094 3172 “Istud
1112 3105 1286 3190 quidem,”

222 3215 343 3297 inquit,
367 3214 385 3240 “
400 3215 534 3292 faciam,
556 3230 670 3299 neque
691 3221 751 3281 tua
772 3221 885 3293 cause,
907 3216 967 3280 sed
989 3222 1078 3291 meai,
1099 3221 1153 3291 ne,
1176 3221 1204 3279 si
1225 3213 1286 3279 tibi

222 3323 265 3388 sit
291 3323 437 3407 pecunia
462 3325 632 3407 adempta,
658 3323 781 3407 aliquis
805 3323 894 3388 dicat
919 3323 953 3388 id
978 3324 1019 3388 ad
1046 3329 1102 3387 me
1128 3329 1285 3405 ereptum

222 3432 427 3516 pervenisse,
463 3432 559 3515 quod
594 3432 746 3498 deletum
782 3431 937 3515 accipere
973 3430 1193 3496 noluissem.”
1253 3414 1286 3494 Ᾰ

165 3574 201 3623 '30
221 3547 391 3624 quocum
410 3547 607 3625 quaesisset,
627 3546 697 3624 quo
717 3546 753 3605 se
771 3540 896 3606 deduci
914 3541 1028 3616 vellet,
1049 3550 1082 3606 et
1102 3538 1156 3604 ille
1176 3538 1286 3603 Athe-

222 3655 283 3715 nes
319 3649 472 3725 dixisset,
508 3649 716 3733 praesidium
751 3649 857 3725 dedit,
894 3658 932 3712 ut
967 3653 1045 3714 tuto
1082 3653 1285 3731 perveniret.

223 3757 349 3842 Neque
369 3763 451 3824 vero
471 3757 506 3823 id
525 3757 605 3823 satis
624 3757 753 3835 habuit,
774 3756 835 3824 sed
855 3756 968 3833 etiam,
989 3766 1027 3822 ut
1047 3755 1232 3822 inviolatus
1252 3756 1286 3820 in

393 3862 409 3912 4
