3020 4372
228 215 267 282 52
567 214 758 268 CORNELII
785 213 954 267 NEPOTIS

229 394 417 480 Syracusae
437 405 534 462 erant
553 394 721 460 conditae.
767 392 909 459 Civibus
928 391 1101 459 veteribus
1121 413 1181 457 sua
1200 388 1295 456 resti‘·

228 504 304 582 tuit,
318 510 418 570 novis
431 504 524 570 belle
537 503 753 569 vacuefactis
767 502 1003 586 possessienes
1018 501 1142 578 divisit,
1157 499 1294 566 urbium

228 612 366 679 moenia
401 613 543 678 disiecta
578 612 724 695 fanaque
760 612 896 676 detecta
930 609 1062 687 refecit,
1099 608 1295 674 civitatibus

229 723 323 806 leges
342 721 604 805 bbertetemque
624 720 786 798 reddidit;
806 742 851 786 ex
871 719 1027 784 mexime
1046 717 1138 784 belle
1158 725 1294 782 tantum

227 830 339 895 etium
357 835 453 896 tetae
470 831 600 895 insulae
619 828 825 906 concilievit,
845 837 882 893 ut
901 828 956 892 hic
975 826 1138 892 eonditor
1156 824 1294 890 urbium
1314 839 1327 889 5

228 943 358 1016 eerum,
374 943 445 1003 nen
460 938 507 1002 illi
523 943 582 1021 qui
599 936 697 1002 initie
714 932 940 1012 deduxerant,
957 935 1140 1000 videretur.
1167 932 1294 997 Arcem

228 1044 417 1129 SyrecusiS,
444 1066 548 1131 quam
574 1045 743 1111 munierat
770 1043 960 1127 Dionysius
986 1042 1029 1107 ad
1056 1043 1177 1107 urbem
1204 1040 1293 1106 obsi-

227 1155 387 1233 dendam,
412 1161 431 1220 e
455 1155 689 1220 fundementis
714 1153 857 1231 disiecit,
882 1159 996 1218 cetera
1020 1150 1190 1236 tyannidis
1215 1155 1294 1234 pre-

228 1264 424 1348 pugneeula
451 1263 640 1329 demetitus
668 1273 719 1329 est
746 1262 911 1345 deditque
939 1280 1094 1344 operam,
1122 1270 1161 1324 ut
1189 1279 1294 1342 quam

226 1372 369 1437 minime
383 1372 493 1436 multa
505 1372 652 1456 vestigia
667 1372 840 1437 servitutis
855 1377 1043 1436 manerent.
1085 1367 1174 1434 Cum
1190 1373 1294 1433 tantis
1314 1396 1346 1434 ιο

228 1491 317 1547 esset
337 1480 473 1565 opibuS,
495 1490 532 1546 ut
554 1481 658 1546 etiam
679 1480 795 1546 invitis
816 1480 985 1563 imperere
1007 1487 1134 1562 posset,
1157 1487 1294 1542 tantum

227 1599 343 1655 autem
368 1595 523 1655 emerem
548 1589 689 1655 haberet
715 1588 873 1655 omnium
899 1587 1107 1666 Siculerum‚
1134 1597 1173 1654 ut
1198 1585 1294 1651 nulle

227 1703 407 1764 recusante
439 1704 588 1782 regnum
622 1697 778 1765 obtinere
810 1698 937 1775 liceret,
972 1696 1094 1762 maluit
1128 1703 1164 1761 se
1197 1695 1294 1778 diligt

223 1827 333 1891 ⁴quam
355 1812 477 1872 metui.
525 1806 659 1890 Itaque,
683 1812 937 1890 cumprimum
961 1805 1086 1888 potuit,
1110 1803 1294 1888 imperium

227 1915 387 1998 deposuit
399 1936 439 1980 ac
452 1921 606 1998 privatus
619 1914 808 1999 Syracusis,
823 1915 918 1999 quod
932 1914 1103 1998 reliquum
1116 1919 1206 1979 vitae
1219 1912 1294 1990 fuit,
1315 1941 1344 1991 15

227 2023 324 2090 vixit.
371 2023 496 2107 Neque
516 2030 599 2089 vere
619 2025 654 2089 id
675 2024 833 2108 imperite
853 2024 948 2102 fecit3
970 2044 1049 2089 nam
1071 2023 1166 2107 quod
1189 2028 1294 2088 ceteri

226 2139 327 2216 reges
342 2132 487 2217 imperir‘)
502 2139 701 2217 potuerunt,
717 2134 772 2199 hic
787 2133 1030 2199 benevolentia]
1045 2131 1166 2199 tenuit.
1208 2130 1294 2196 Nut-

228 2242 280 2306 lus
301 2241 413 2306 hones
434 2242 514 2307 huic
535 2241 656 2319 defuit,
678 2263 790 2325 neque
810 2249 932 2326 postee
952 2249 1005 2307 res
1027 2243 1094 2307 ulla
1116 2241 1294 2326 Syreeusis

227 2359 325 2434 gesta
346 2360 397 2416 est
416 2350 564 2434 publice,
584 2351 627 2416 de
647 2357 716 2433 que
735 2351 829 2434 prius
850 2351 892 2416 sit
913 2351 1091 2416 decretum
1112 2371 1216 2435 quam
1236 2350 1294 2414 Ti·
1378 2380 1380 2384 ·

228 2458 414 2524 moleontis
436 2459 607 2524 sententie
630 2459 781 2543 cegnite.
831 2460 969 2525 Nullius
992 2480 1158 2543 umquam
1184 2458 1294 2525 censi·
1314 2490 1347 2528 20

227 2566 312 2631 lium
328 2571 399 2631 nen
414 2566 520 2632 modo
536 2568 738 2643 anteletum‚
757 2568 816 2633 sed
833 2574 877 2633 ne
894 2574 1135 2652 comparetum
1153 2567 1295 2652 quidem

229 2685 290 2741 est.
346 2675 471 2760 Neque
500 2676 534 2740 id
565 2676 676 2761 magis
705 2677 779 2742 eius
809 2677 1051 2743 benevolentia}
1081 2677 1213 2743 factum
1244 2687 1295 2743 est

228 2804 332 2869 quam
348 2782 539 2867 prudentie.

299 2891 361 2958 IV.
385 2892 456 2957 Hic
477 2913 557 2957 cum
578 2898 690 2959 aetite
711 2893 778 2959 iam
799 2899 983 2978 preventus
1005 2906 1106 2972 esset,
1128 2894 1202 2961 sine
1224 2895 1295 2959 ulle

229 3002 354 3067 morbr')
381 2999 511 3066 lumina
535 3003 718 3068 oculerum
744 3003 868 3068 emisit.
920 3003 1037 3087 Quam
1064 3004 1295 3070 calamitatem
1315 3033 1346 3083 25
1396 3011 1398 3014 ’

229 3110 276 3176 ita
294 3110 474 3176 moderete
491 3110 579 3188 tulit,
599 3121 638 3176 ut
658 3132 771 3194 neque
790 3132 870 3176 eum
890 3122 1093 3195 querentem
1112 3113 1296 3197 quisquam

229 3219 375 3286 audierit
395 3241 508 3303 neque
528 3226 570 3286 ef)
591 3221 705 3285 minus
723 3226 865 3305 privetis
886 3222 1102 3306 publicisque
1123 3224 1225 3289 rebus
1246 3223 1296 3287 in-

230 3329 393 3396 terfuerit.
441 3329 614 3394 Veniebat
635 3340 752 3396 autem
775 3331 809 3395 in
832 3331 1017 3408 theatrum,
1040 3354 1121 3397 eum
1144 3333 1190 3397 ibi
1214 3353 1295 3398 eon-

231 3437 348 3502 cilium
375 3438 496 3521 populi
523 3438 716 3515 haberetur,
745 3450 887 3523 propter
913 3439 1149 3505 valetudinem
1176 3452 1296 3507 vectus

230 3547 392 3611 iumentis
409 3547 544 3622 iunctiS,
562 3557 665 3631 atque
682 3548 728 3612 ita
744 3547 788 3613 de
804 3547 965 3614 vehicule
984 3570 1074 3633 quae
1092 3549 1296 3615 videbantur
1315 3582 1348 3631 30

230 3654 374 3720 dicebat.
417 3654 542 3738 Neque
560 3655 627 3720 hec
645 3655 692 3719 illi
709 3655 891 3739 quisquam
910 3657 1082 3724 tribuebat
1100 3658 1295 3742 superbiae;

230 3762 314 3826 nihil
339 3763 431 3829 enim
456 3783 623 3846 umquam
648 3784 760 3847 neque
784 3765 936 3830 insolens
963 3786 1076 3850 neque
1102 3766 1295 3850 gleriesum
