<?xml version="1.0" encoding="UTF-8"?>
<!DOCTYPE html PUBLIC "-//W3C//DTD XHTML 1.0 Transitional//EN"
    "http://www.w3.org/TR/xhtml1/DTD/xhtml1-transitional.dtd">
<html xmlns="http://www.w3.org/1999/xhtml" xml:lang="en" lang="en">
 <head>
  <title>
</title>
<meta http-equiv="Content-Type" content="text/html;charset=utf-8" />
  <meta name='ocr-system' content='tesseract 3.04.00' />
  <meta name='ocr-capabilities' content='ocr_page ocr_carea ocr_par ocr_line ocrx_word'/>
</head>
<body>
  <div class='ocr_page' id='page_1' title='image "./selectedlivesne00unkngoog_0037.png"; bbox 0 0 2992 4358; ppageno 0'>
   <div class='ocr_carea' id='block_1_1' title="bbox 207 232 933 289">
    <p class='ocr_par' dir='ltr' id='par_1_1' title="bbox 207 232 933 289">
     <span class='ocr_line' id='line_1_1' title="bbox 207 232 933 289; baseline -0.008 3"><span class='ocrx_word' id='word_1_1' title='bbox 207 232 243 280; x_wconf 86' lang='lat'><strong>1²</strong></span> <span class='ocrx_word' id='word_1_2' title='bbox 549 235 738 289; x_wconf 85' lang='lat' dir='ltr'><strong>CORNELII</strong></span> <span class='ocrx_word' id='word_1_3' title='bbox 766 233 933 288; x_wconf 89' lang='lat' dir='ltr'>NEPOTIS</span> 
     </span>
    </p>
   </div>
   <div class='ocr_carea' id='block_1_2' title="bbox 198 411 1333 3887">
    <p class='ocr_par' dir='ltr' id='par_1_2' title="bbox 198 411 1333 3887">
     <span class='ocr_line' id='line_1_2' title="bbox 204 411 1271 499; baseline 0.003 -23"><span class='ocrx_word' id='word_1_4' title='bbox 204 419 244 477; x_wconf 92' lang='lat' dir='ltr'><strong>ea</strong></span> <span class='ocrx_word' id='word_1_5' title='bbox 264 413 412 496; x_wconf 86' lang='lat' dir='ltr'><strong>peconia</strong></span> <span class='ocrx_word' id='word_1_6' title='bbox 432 414 548 480; x_wconf 89' lang='lat' dir='ltr'><strong>classis</strong></span> <span class='ocrx_word' id='word_1_7' title='bbox 571 423 712 479; x_wconf 91' lang='lat' dir='ltr'><strong>centum</strong></span> <span class='ocrx_word' id='word_1_8' title='bbox 733 412 874 478; x_wconf 85' lang='lat' dir='ltr'><strong>navium</strong></span> <span class='ocrx_word' id='word_1_9' title='bbox 895 411 1141 480; x_wconf 86' lang='lat' dir='ltr'><strong>aedificaretur.</strong></span> <span class='ocrx_word' id='word_1_10' title='bbox 1189 413 1271 499; x_wconf 81' lang='lat' dir='ltr'><strong>Qua</strong></span> 
     </span>
     <span class='ocr_line' id='line_1_3' title="bbox 204 520 1272 607; baseline 0 -20"><span class='ocrx_word' id='word_1_11' title='bbox 204 523 358 588; x_wconf 82' lang='lat' dir='ltr'><strong>celeriter</strong></span> <span class='ocrx_word' id='word_1_12' title='bbox 370 524 494 589; x_wconf 84' lang='lat' dir='ltr'><strong>effecta</strong></span> <span class='ocrx_word' id='word_1_13' title='bbox 508 530 660 607; x_wconf 90' lang='lat' dir='ltr'><strong>primum</strong></span> <span class='ocrx_word' id='word_1_14' title='bbox 676 522 889 607; x_wconf 70' lang='lat' dir='ltr'><strong>Corcyraeos</strong></span> <span class='ocrx_word' id='word_1_15' title='bbox 903 521 1016 606; x_wconf 81' lang='lat' dir='ltr'><strong>fregit,</strong></span> <span class='ocrx_word' id='word_1_16' title='bbox 1032 520 1157 589; x_wconf 91' lang='lat' dir='ltr'><strong>deinde</strong></span> <span class='ocrx_word' id='word_1_17' title='bbox 1171 521 1272 588; x_wconf 89' lang='lat' dir='ltr'><strong>mari·</strong></span> 
     </span>
     <span class='ocr_line' id='line_1_4' title="bbox 203 629 1270 715; baseline 0.001 -21"><span class='ocrx_word' id='word_1_18' title='bbox 203 631 306 696; x_wconf 88' lang='lat' dir='ltr'><strong>timos</strong></span> <span class='ocrx_word' id='word_1_19' title='bbox 322 632 513 715; x_wconf 89' lang='lat' dir='ltr'><strong>praedones</strong></span> <span class='ocrx_word' id='word_1_20' title='bbox 530 631 765 698; x_wconf 91' lang='lat' dir='ltr'><strong>consectando</strong></span> <span class='ocrx_word' id='word_1_21' title='bbox 782 652 877 697; x_wconf 89' lang='lat' dir='ltr'><strong>mare</strong></span> <span class='ocrx_word' id='word_1_22' title='bbox 894 637 1009 697; x_wconf 81' lang='lat' dir='ltr'><strong>tritum</strong></span> <span class='ocrx_word' id='word_1_23' title='bbox 1026 629 1185 697; x_wconf 87' lang='lat' dir='ltr'><strong>reddidit.</strong></span> <span class='ocrx_word' id='word_1_24' title='bbox 1228 631 1270 697; x_wconf 94' lang='lat' dir='ltr'><strong>In</strong></span> 
     </span>
     <span class='ocr_line' id='line_1_5' title="bbox 203 740 1271 825; baseline 0.001 -20"><span class='ocrx_word' id='word_1_25' title='bbox 203 747 274 825; x_wconf 93' lang='lat' dir='ltr'><strong>quo</strong></span> <span class='ocrx_word' id='word_1_26' title='bbox 297 761 376 806; x_wconf 90' lang='lat' dir='ltr'><strong>cum</strong></span> <span class='ocrx_word' id='word_1_27' title='bbox 397 740 526 807; x_wconf 88' lang='lat' dir='ltr'><strong>divitiis</strong></span> <span class='ocrx_word' id='word_1_28' title='bbox 546 743 693 820; x_wconf 91' lang='lat' dir='ltr'><strong>omavit‚</strong></span> <span class='ocrx_word' id='word_1_29' title='bbox 716 753 792 807; x_wconf 89' lang='lat' dir='ltr'><strong>turn</strong></span> <span class='ocrx_word' id='word_1_30' title='bbox 815 742 919 808; x_wconf 88' lang='lat' dir='ltr'><strong>etiam</strong></span> <span class='ocrx_word' id='word_1_31' title='bbox 942 740 1169 825; x_wconf 90' lang='lat' dir='ltr'><strong>peritissimos</strong></span> <span class='ocrx_word' id='word_1_32' title='bbox 1192 741 1271 807; x_wconf 92' lang='lat' dir='ltr'><strong>belli</strong></span> 
     </span>
     <span class='ocr_line' id='line_1_6' title="bbox 202 848 1304 935; baseline 0.005 -22"><span class='ocrx_word' id='word_1_33' title='bbox 202 850 332 915; x_wconf 90' lang='lat' dir='ltr'><strong>navalis</strong></span> <span class='ocrx_word' id='word_1_34' title='bbox 349 850 430 916; x_wconf 88' lang='lat' dir='ltr'><strong>lecit</strong></span> <span class='ocrx_word' id='word_1_35' title='bbox 446 850 688 917; x_wconf 78' lang='lat' dir='ltr'><strong>Athenienses.</strong></span> <span class='ocrx_word' id='word_1_36' title='bbox 732 851 773 915; x_wconf 86' lang='lat' dir='ltr'><strong>ld</strong></span> <span class='ocrx_word' id='word_1_37' title='bbox 792 860 940 935; x_wconf 89' lang='lat' dir='ltr'><strong>quantae</strong></span> <span class='ocrx_word' id='word_1_38' title='bbox 958 850 1058 915; x_wconf 83' lang='lat' dir='ltr'><strong>saloti</strong></span> <span class='ocrx_word' id='word_1_39' title='bbox 1076 849 1179 916; x_wconf 91' lang='lat' dir='ltr'><strong>luerit</strong></span> <span class='ocrx_word' id='word_1_40' title='bbox 1196 848 1271 915; x_wconf 85' lang='lat' dir='ltr'><strong>irni-</strong></span> <span class='ocrx_word' id='word_1_41' title='bbox 1290 869 1304 919; x_wconf 83' lang='lat'>5</span> 
     </span>
     <span class='ocr_line' id='line_1_7' title="bbox 201 959 1271 1045; baseline -0.001 -20"><span class='ocrx_word' id='word_1_42' title='bbox 201 981 319 1026; x_wconf 87' lang='lat' dir='ltr'><strong>versae</strong></span> <span class='ocrx_word' id='word_1_43' title='bbox 335 959 507 1039; x_wconf 84' lang='lat' dir='ltr'><strong>Graeciae,</strong></span> <span class='ocrx_word' id='word_1_44' title='bbox 521 961 612 1026; x_wconf 90' lang='lat' dir='ltr'><strong>bello</strong></span> <span class='ocrx_word' id='word_1_45' title='bbox 626 961 809 1045; x_wconf 89' lang='lat' dir='ltr'><strong>cognitum</strong></span> <span class='ocrx_word' id='word_1_46' title='bbox 825 970 877 1026; x_wconf 90' lang='lat' dir='ltr'><strong>est</strong></span> <span class='ocrx_word' id='word_1_47' title='bbox 892 960 1043 1026; x_wconf 82' lang='lat' dir='ltr'><strong>Persice.</strong></span> <span class='ocrx_word' id='word_1_48' title='bbox 1084 960 1175 1025; x_wconf 92' lang='lat' dir='ltr'><strong>Nam</strong></span> <span class='ocrx_word' id='word_1_49' title='bbox 1190 982 1271 1026; x_wconf 90' lang='lat' dir='ltr'><strong>cum</strong></span> 
     </span>
     <span class='ocr_line' id='line_1_8' title="bbox 203 1068 1270 1136; baseline 0 -3"><span class='ocrx_word' id='word_1_50' title='bbox 203 1068 340 1134; x_wconf 79' lang='lat' dir='ltr'><strong>Xerxes</strong></span> <span class='ocrx_word' id='word_1_51' title='bbox 355 1080 388 1135; x_wconf 89' lang='lat' dir='ltr'><strong>et</strong></span> <span class='ocrx_word' id='word_1_52' title='bbox 402 1076 489 1135; x_wconf 89' lang='lat' dir='ltr'><strong>mari</strong></span> <span class='ocrx_word' id='word_1_53' title='bbox 504 1080 538 1135; x_wconf 92' lang='lat' dir='ltr'><strong>et</strong></span> <span class='ocrx_word' id='word_1_54' title='bbox 554 1075 645 1135; x_wconf 90' lang='lat' dir='ltr'><strong>terra</strong></span> <span class='ocrx_word' id='word_1_55' title='bbox 659 1070 790 1134; x_wconf 92' lang='lat' dir='ltr'><strong>bellum</strong></span> <span class='ocrx_word' id='word_1_56' title='bbox 806 1069 988 1136; x_wconf 86' lang='lat' dir='ltr'><strong>oniversae</strong></span> <span class='ocrx_word' id='word_1_57' title='bbox 1002 1070 1142 1136; x_wconf 84' lang='lat' dir='ltr'><strong>inferret</strong></span> <span class='ocrx_word' id='word_1_58' title='bbox 1159 1071 1270 1134; x_wconf 88' lang='lat' dir='ltr'><strong>Euro-</strong></span> 
     </span>
     <span class='ocr_line' id='line_1_9' title="bbox 202 1179 1270 1264; baseline 0.002 -21"><span class='ocrx_word' id='word_1_59' title='bbox 202 1201 278 1263; x_wconf 85' lang='lat' dir='ltr'><strong>pae,</strong></span> <span class='ocrx_word' id='word_1_60' title='bbox 297 1199 376 1245; x_wconf 93' lang='lat' dir='ltr'><strong>cum</strong></span> <span class='ocrx_word' id='word_1_61' title='bbox 394 1186 497 1245; x_wconf 87' lang='lat' dir='ltr'><strong>tantis</strong></span> <span class='ocrx_word' id='word_1_62' title='bbox 515 1179 624 1264; x_wconf 87' lang='lat' dir='ltr'><strong>copiis</strong></span> <span class='ocrx_word' id='word_1_63' title='bbox 643 1201 719 1245; x_wconf 91' lang='lat' dir='ltr'><strong>eam</strong></span> <span class='ocrx_word' id='word_1_64' title='bbox 738 1180 875 1258; x_wconf 90' lang='lat' dir='ltr'><strong>invasit,</strong></span> <span class='ocrx_word' id='word_1_65' title='bbox 894 1186 1041 1264; x_wconf 89' lang='lat' dir='ltr'><strong>quantas</strong></span> <span class='ocrx_word' id='word_1_66' title='bbox 1059 1201 1172 1264; x_wconf 90' lang='lat' dir='ltr'><strong>neque</strong></span> <span class='ocrx_word' id='word_1_67' title='bbox 1190 1189 1270 1245; x_wconf 89' lang='lat' dir='ltr'><strong>ante</strong></span> 
     </span>
     <span class='ocr_line' id='line_1_10' title="bbox 201 1288 1270 1372; baseline 0.003 -21"><span class='ocrx_word' id='word_1_68' title='bbox 201 1309 266 1352; x_wconf 94' lang='lat' dir='ltr'><strong>nec</strong></span> <span class='ocrx_word' id='word_1_69' title='bbox 280 1294 404 1371; x_wconf 90' lang='lat' dir='ltr'><strong>postea</strong></span> <span class='ocrx_word' id='word_1_70' title='bbox 419 1288 539 1353; x_wconf 91' lang='lat' dir='ltr'><strong>habuit</strong></span> <span class='ocrx_word' id='word_1_71' title='bbox 554 1289 752 1372; x_wconf 89' lang='lat' dir='ltr'><strong>quisquam:</strong></span> <span class='ocrx_word' id='word_1_72' title='bbox 769 1289 871 1355; x_wconf 85' lang='lat' dir='ltr'><strong>hoius</strong></span> <span class='ocrx_word' id='word_1_73' title='bbox 888 1289 980 1356; x_wconf 91' lang='lat' dir='ltr'><strong>enim</strong></span> <span class='ocrx_word' id='word_1_74' title='bbox 996 1288 1112 1355; x_wconf 92' lang='lat' dir='ltr'><strong>classis</strong></span> <span class='ocrx_word' id='word_1_75' title='bbox 1127 1289 1219 1354; x_wconf 93' lang='lat' dir='ltr'><strong>mille</strong></span> <span class='ocrx_word' id='word_1_76' title='bbox 1236 1297 1270 1354; x_wconf 91' lang='lat' dir='ltr'><strong>et</strong></span> 
     </span>
     <span class='ocr_line' id='line_1_11' title="bbox 201 1397 1322 1484; baseline -0.001 -23"><span class='ocrx_word' id='word_1_77' title='bbox 201 1397 430 1462; x_wconf 90' lang='lat' dir='ltr'><strong>ducentarum</strong></span> <span class='ocrx_word' id='word_1_78' title='bbox 459 1397 599 1464; x_wconf 91' lang='lat' dir='ltr'><strong>navium</strong></span> <span class='ocrx_word' id='word_1_79' title='bbox 628 1399 814 1484; x_wconf 90' lang='lat' dir='ltr'><strong>longarum</strong></span> <span class='ocrx_word' id='word_1_80' title='bbox 842 1399 917 1478; x_wconf 90' lang='lat' dir='ltr'><strong>luit,</strong></span> <span class='ocrx_word' id='word_1_81' title='bbox 946 1420 1050 1483; x_wconf 89' lang='lat' dir='ltr'><strong>quam</strong></span> <span class='ocrx_word' id='word_1_82' title='bbox 1079 1398 1149 1464; x_wconf 91' lang='lat' dir='ltr'><strong>duo</strong></span> <span class='ocrx_word' id='word_1_83' title='bbox 1177 1397 1270 1462; x_wconf 92' lang='lat' dir='ltr'><strong>milia</strong></span> <span class='ocrx_word' id='word_1_84' title='bbox 1291 1418 1322 1454; x_wconf 93' lang='lat'><strong>10</strong></span> 
     </span>
     <span class='ocr_line' id='line_1_12' title="bbox 201 1507 1269 1593; baseline 0.001 -22"><span class='ocrx_word' id='word_1_85' title='bbox 201 1507 434 1572; x_wconf 89' lang='lat' dir='ltr'><strong>onerariarum</strong></span> <span class='ocrx_word' id='word_1_86' title='bbox 466 1510 713 1593; x_wconf 91' lang='lat' dir='ltr'><strong>sequebantur;</strong></span> <span class='ocrx_word' id='word_1_87' title='bbox 745 1509 914 1576; x_wconf 88' lang='lat' dir='ltr'><strong>terrestris</strong></span> <span class='ocrx_word' id='word_1_88' title='bbox 945 1520 1065 1576; x_wconf 91' lang='lat' dir='ltr'><strong>autem</strong></span> <span class='ocrx_word' id='word_1_89' title='bbox 1098 1507 1269 1575; x_wconf 89' lang='lat' dir='ltr'><strong>exercitus</strong></span> 
     </span>
     <span class='ocr_line' id='line_1_13' title="bbox 202 1615 1269 1706; baseline 0.002 -25"><span class='ocrx_word' id='word_1_90' title='bbox 202 1615 419 1701; x_wconf 83' lang='lat' dir='ltr'><strong>septingenta</strong></span> <span class='ocrx_word' id='word_1_91' title='bbox 441 1617 608 1702; x_wconf 87' lang='lat' dir='ltr'><strong>peditum,</strong></span> <span class='ocrx_word' id='word_1_92' title='bbox 632 1618 789 1703; x_wconf 90' lang='lat' dir='ltr'><strong>equitum</strong></span> <span class='ocrx_word' id='word_1_93' title='bbox 811 1618 1064 1706; x_wconf 86' lang='lat' dir='ltr'><strong>quadringenta</strong></span> <span class='ocrx_word' id='word_1_94' title='bbox 1083 1618 1176 1683; x_wconf 90' lang='lat' dir='ltr'><strong>milia</strong></span> <span class='ocrx_word' id='word_1_95' title='bbox 1197 1617 1269 1683; x_wconf 88' lang='lat' dir='ltr'><strong>lue-</strong></span> 
     </span>
     <span class='ocr_line' id='line_1_14' title="bbox 201 1725 1268 1794; baseline 0 -5"><span class='ocrx_word' id='word_1_96' title='bbox 201 1736 290 1791; x_wconf 86' lang='lat' dir='ltr'><strong>runt.</strong></span> <span class='ocrx_word' id='word_1_97' title='bbox 338 1725 445 1792; x_wconf 82' lang='lat' dir='ltr'><strong>Cuius</strong></span> <span class='ocrx_word' id='word_1_98' title='bbox 465 1727 508 1791; x_wconf 89' lang='lat' dir='ltr'><strong>de</strong></span> <span class='ocrx_word' id='word_1_99' title='bbox 529 1728 681 1793; x_wconf 86' lang='lat' dir='ltr'><strong>advento</strong></span> <span class='ocrx_word' id='word_1_100' title='bbox 704 1749 784 1793; x_wconf 94' lang='lat' dir='ltr'><strong>cum</strong></span> <span class='ocrx_word' id='word_1_101' title='bbox 806 1728 898 1793; x_wconf 91' lang='lat' dir='ltr'><strong>lama</strong></span> <span class='ocrx_word' id='word_1_102' title='bbox 919 1728 954 1793; x_wconf 91' lang='lat' dir='ltr'><strong>in</strong></span> <span class='ocrx_word' id='word_1_103' title='bbox 978 1727 1158 1794; x_wconf 89' lang='lat' dir='ltr'><strong>Graeciam</strong></span> <span class='ocrx_word' id='word_1_104' title='bbox 1180 1735 1268 1792; x_wconf 92' lang='lat' dir='ltr'><strong>esset</strong></span> 
     </span>
     <span class='ocr_line' id='line_1_15' title="bbox 200 1834 1269 1921; baseline 0.001 -22"><span class='ocrx_word' id='word_1_105' title='bbox 200 1834 330 1919; x_wconf 89' lang='lat' dir='ltr'><strong>perlata</strong></span> <span class='ocrx_word' id='word_1_106' title='bbox 349 1847 382 1901; x_wconf 89' lang='lat' dir='ltr'><strong>et</strong></span> <span class='ocrx_word' id='word_1_107' title='bbox 400 1837 553 1901; x_wconf 87' lang='lat' dir='ltr'><strong>maxime</strong></span> <span class='ocrx_word' id='word_1_108' title='bbox 571 1836 803 1903; x_wconf 86' lang='lat' dir='ltr'><strong>Athenienses</strong></span> <span class='ocrx_word' id='word_1_109' title='bbox 821 1843 894 1921; x_wconf 91' lang='lat' dir='ltr'><strong>peti</strong></span> <span class='ocrx_word' id='word_1_110' title='bbox 912 1838 1110 1903; x_wconf 84' lang='lat' dir='ltr'><strong>dicerentur</strong></span> <span class='ocrx_word' id='word_1_111' title='bbox 1127 1844 1269 1919; x_wconf 88' lang='lat' dir='ltr'><strong>propter</strong></span> 
     </span>
     <span class='ocr_line' id='line_1_16' title="bbox 200 1943 1319 2032; baseline 0.004 -24"><span class='ocrx_word' id='word_1_112' title='bbox 200 1950 354 2030; x_wconf 85' lang='lat' dir='ltr'><strong>pognam</strong></span> <span class='ocrx_word' id='word_1_113' title='bbox 382 1945 648 2024; x_wconf 91' lang='lat' dir='ltr'><strong>Marathoniam,</strong></span> <span class='ocrx_word' id='word_1_114' title='bbox 677 1953 846 2013; x_wconf 90' lang='lat' dir='ltr'><strong>miserunt</strong></span> <span class='ocrx_word' id='word_1_115' title='bbox 874 1943 1033 2032; x_wconf 87' lang='lat' dir='ltr'><strong>Delphos</strong></span> <span class='ocrx_word' id='word_1_116' title='bbox 1060 1946 1268 2020; x_wconf 89' lang='lat' dir='ltr'><strong>consultum,</strong></span> <span class='ocrx_word' id='word_1_117' title='bbox 1290 1963 1319 2013; x_wconf 83' lang='lat'><strong>15</strong></span> 
     </span>
     <span class='ocr_line' id='line_1_17' title="bbox 200 2051 1269 2139; baseline -0.002 -20"><span class='ocrx_word' id='word_1_118' title='bbox 200 2055 366 2138; x_wconf 89' lang='lat' dir='ltr'><strong>quidnam</strong></span> <span class='ocrx_word' id='word_1_119' title='bbox 382 2056 532 2122; x_wconf 89' lang='lat' dir='ltr'><strong>lacerent</strong></span> <span class='ocrx_word' id='word_1_120' title='bbox 548 2056 591 2122; x_wconf 91' lang='lat' dir='ltr'><strong>de</strong></span> <span class='ocrx_word' id='word_1_121' title='bbox 608 2056 710 2123; x_wconf 91' lang='lat' dir='ltr'><strong>rebus</strong></span> <span class='ocrx_word' id='word_1_122' title='bbox 727 2064 807 2123; x_wconf 92' lang='lat' dir='ltr'><strong>suis.</strong></span> <span class='ocrx_word' id='word_1_123' title='bbox 848 2056 1127 2123; x_wconf 79' lang='lat' dir='ltr'><strong>Deliberantibus</strong></span> <span class='ocrx_word' id='word_1_124' title='bbox 1145 2051 1269 2139; x_wconf 72' lang='lat' dir='ltr'><strong>Pythia</strong></span> 
     </span>
     <span class='ocr_line' id='line_1_18' title="bbox 200 2150 1282 2251; baseline 0 -25"><span class='ocrx_word' id='word_1_125' title='bbox 200 2164 386 2247; x_wconf 86' lang='lat' dir='ltr'><strong>respondit,</strong></span> <span class='ocrx_word' id='word_1_126' title='bbox 403 2175 440 2230; x_wconf 90' lang='lat' dir='ltr'><strong>ut</strong></span> <span class='ocrx_word' id='word_1_127' title='bbox 455 2165 639 2232; x_wconf 89' lang='lat' dir='ltr'><strong>moenibus</strong></span> <span class='ocrx_word' id='word_1_128' title='bbox 655 2167 778 2251; x_wconf 80' lang='lat' dir='ltr'><strong>ligneis</strong></span> <span class='ocrx_word' id='word_1_129' title='bbox 794 2172 830 2232; x_wconf 87' lang='lat' dir='ltr'><strong>se</strong></span> <span class='ocrx_word' id='word_1_130' title='bbox 846 2172 1029 2231; x_wconf 86' lang='lat' dir='ltr'><strong>monirent.</strong></span> <span class='ocrx_word' id='word_1_131' title='bbox 1071 2163 1112 2229; x_wconf 87' lang='lat' dir='ltr'><strong>ld</strong></span> <span class='ocrx_word' id='word_1_132' title='bbox 1128 2150 1282 2245; x_wconf 51' lang='lat' dir='ltr'><strong>respon?</strong></span> 
     </span>
     <span class='ocr_line' id='line_1_19' title="bbox 200 2257 1333 2361; baseline -0.001 -24"><span class='ocrx_word' id='word_1_133' title='bbox 200 2294 277 2338; x_wconf 93' lang='lat' dir='ltr'><strong>sum</strong></span> <span class='ocrx_word' id='word_1_134' title='bbox 296 2280 367 2357; x_wconf 93' lang='lat' dir='ltr'><strong>quo</strong></span> <span class='ocrx_word' id='word_1_135' title='bbox 387 2275 515 2340; x_wconf 90' lang='lat' dir='ltr'><strong>valeret</strong></span> <span class='ocrx_word' id='word_1_136' title='bbox 535 2297 616 2342; x_wconf 92' lang='lat' dir='ltr'><strong>cum</strong></span> <span class='ocrx_word' id='word_1_137' title='bbox 637 2257 855 2361; x_wconf 86' lang='lat' dir='ltr'><strong>intellegeret</strong></span> <span class='ocrx_word' id='word_1_138' title='bbox 877 2280 993 2353; x_wconf 89' lang='lat' dir='ltr'><strong>nemo,</strong></span> <span class='ocrx_word' id='word_1_139' title='bbox 1015 2273 1268 2340; x_wconf 89' lang='lat' dir='ltr'><strong>Themistocles</strong></span> <span class='ocrx_word' id='word_1_140' title='bbox 1332 2258 1333 2261; x_wconf 24' lang='lat'>¹</span> 
     </span>
     <span class='ocr_line' id='line_1_20' title="bbox 199 2383 1268 2470; baseline -0.001 -22"><span class='ocrx_word' id='word_1_141' title='bbox 199 2384 366 2467; x_wconf 81' lang='lat' dir='ltr'><strong>persuasit</strong></span> <span class='ocrx_word' id='word_1_142' title='bbox 380 2383 563 2451; x_wconf 90' lang='lat' dir='ltr'><strong>consilium</strong></span> <span class='ocrx_word' id='word_1_143' title='bbox 578 2407 653 2452; x_wconf 90' lang='lat' dir='ltr'><strong>esse</strong></span> <span class='ocrx_word' id='word_1_144' title='bbox 666 2385 849 2470; x_wconf 86' lang='lat' dir='ltr'><strong>Apollinis,</strong></span> <span class='ocrx_word' id='word_1_145' title='bbox 864 2395 902 2450; x_wconf 92' lang='lat' dir='ltr'><strong>ut</strong></span> <span class='ocrx_word' id='word_1_146' title='bbox 917 2385 952 2450; x_wconf 95' lang='lat' dir='ltr'><strong>in</strong></span> <span class='ocrx_word' id='word_1_147' title='bbox 966 2390 1071 2450; x_wconf 90' lang='lat' dir='ltr'><strong>naves</strong></span> <span class='ocrx_word' id='word_1_148' title='bbox 1086 2390 1123 2449; x_wconf 89' lang='lat' dir='ltr'><strong>se</strong></span> <span class='ocrx_word' id='word_1_149' title='bbox 1136 2403 1268 2466; x_wconf 91' lang='lat' dir='ltr'><strong>suaque</strong></span> 
     </span>
     <span class='ocr_line' id='line_1_21' title="bbox 199 2491 1321 2578; baseline -0.004 -21"><span class='ocrx_word' id='word_1_150' title='bbox 199 2491 409 2572; x_wconf 79' lang='lat' dir='ltr'><strong>conferrent;</strong></span> <span class='ocrx_word' id='word_1_151' title='bbox 424 2514 503 2558; x_wconf 93' lang='lat' dir='ltr'><strong>eum</strong></span> <span class='ocrx_word' id='word_1_152' title='bbox 520 2493 612 2559; x_wconf 89' lang='lat' dir='ltr'><strong>enim</strong></span> <span class='ocrx_word' id='word_1_153' title='bbox 626 2500 647 2559; x_wconf 90' lang='lat' dir='ltr'><strong>a</strong></span> <span class='ocrx_word' id='word_1_154' title='bbox 661 2493 728 2561; x_wconf 92' lang='lat' dir='ltr'><strong>deo</strong></span> <span class='ocrx_word' id='word_1_155' title='bbox 744 2493 932 2578; x_wconf 86' lang='lat' dir='ltr'><strong>significari</strong></span> <span class='ocrx_word' id='word_1_156' title='bbox 946 2499 1085 2558; x_wconf 82' lang='lat' dir='ltr'><strong>morum</strong></span> <span class='ocrx_word' id='word_1_157' title='bbox 1101 2492 1266 2576; x_wconf 90' lang='lat' dir='ltr'><strong>ligneum.</strong></span> <span class='ocrx_word' id='word_1_158' title='bbox 1288 2509 1321 2547; x_wconf 87' lang='lat'><strong>20</strong></span> 
     </span>
     <span class='ocr_line' id='line_1_22' title="bbox 199 2599 1267 2688; baseline -0.002 -23"><span class='ocrx_word' id='word_1_159' title='bbox 199 2601 274 2667; x_wconf 91' lang='lat' dir='ltr'><strong>Tali</strong></span> <span class='ocrx_word' id='word_1_160' title='bbox 304 2601 449 2668; x_wconf 91' lang='lat' dir='ltr'><strong>consilio</strong></span> <span class='ocrx_word' id='word_1_161' title='bbox 480 2604 628 2688; x_wconf 89' lang='lat' dir='ltr'><strong>probato</strong></span> <span class='ocrx_word' id='word_1_162' title='bbox 658 2603 791 2670; x_wconf 90' lang='lat' dir='ltr'><strong>addunt</strong></span> <span class='ocrx_word' id='word_1_163' title='bbox 821 2604 864 2670; x_wconf 89' lang='lat' dir='ltr'><strong>ad</strong></span> <span class='ocrx_word' id='word_1_164' title='bbox 896 2603 1089 2687; x_wconf 88' lang='lat' dir='ltr'><strong>superiores</strong></span> <span class='ocrx_word' id='word_1_165' title='bbox 1120 2599 1267 2667; x_wconf 92' lang='lat' dir='ltr'><strong>totidem</strong></span> 
     </span>
     <span class='ocr_line' id='line_1_23' title="bbox 199 2711 1268 2797; baseline -0.004 -21"><span class='ocrx_word' id='word_1_166' title='bbox 199 2716 304 2777; x_wconf 89' lang='lat' dir='ltr'><strong>naves</strong></span> <span class='ocrx_word' id='word_1_167' title='bbox 333 2711 488 2778; x_wconf 89' lang='lat' dir='ltr'><strong>triremes</strong></span> <span class='ocrx_word' id='word_1_168' title='bbox 518 2734 649 2797; x_wconf 89' lang='lat' dir='ltr'><strong>suaque</strong></span> <span class='ocrx_word' id='word_1_169' title='bbox 680 2712 798 2779; x_wconf 91' lang='lat' dir='ltr'><strong>omnia</strong></span> <span class='ocrx_word' id='word_1_170' title='bbox 828 2734 916 2797; x_wconf 92' lang='lat' dir='ltr'><strong>quae</strong></span> <span class='ocrx_word' id='word_1_171' title='bbox 945 2718 1080 2777; x_wconf 89' lang='lat' dir='ltr'><strong>moveri</strong></span> <span class='ocrx_word' id='word_1_172' title='bbox 1110 2716 1268 2793; x_wconf 90' lang='lat' dir='ltr'><strong>poterant</strong></span> 
     </span>
     <span class='ocr_line' id='line_1_24' title="bbox 199 2819 1268 2906; baseline -0.002 -23"><span class='ocrx_word' id='word_1_173' title='bbox 199 2819 322 2902; x_wconf 88' lang='lat' dir='ltr'><strong>partim</strong></span> <span class='ocrx_word' id='word_1_174' title='bbox 351 2819 534 2899; x_wconf 89' lang='lat' dir='ltr'><strong>Salamina,</strong></span> <span class='ocrx_word' id='word_1_175' title='bbox 564 2821 689 2906; x_wconf 85' lang='lat' dir='ltr'><strong>partim</strong></span> <span class='ocrx_word' id='word_1_176' title='bbox 717 2821 896 2888; x_wconf 88' lang='lat' dir='ltr'><strong>Troezena</strong></span> <span class='ocrx_word' id='word_1_177' title='bbox 924 2820 1124 2905; x_wconf 89' lang='lat' dir='ltr'><strong>deportant;</strong></span> <span class='ocrx_word' id='word_1_178' title='bbox 1154 2839 1268 2883; x_wconf 90' lang='lat' dir='ltr'><strong>arcem</strong></span> 
     </span>
     <span class='ocr_line' id='line_1_25' title="bbox 199 2928 1267 3019; baseline -0.002 -26"><span class='ocrx_word' id='word_1_179' title='bbox 199 2928 434 2996; x_wconf 87' lang='lat' dir='ltr'><strong>sacerdotibus</strong></span> <span class='ocrx_word' id='word_1_180' title='bbox 451 2937 639 3019; x_wconf 89' lang='lat' dir='ltr'><strong>paucisque</strong></span> <span class='ocrx_word' id='word_1_181' title='bbox 658 2930 847 2997; x_wconf 91' lang='lat' dir='ltr'><strong>maioribus</strong></span> <span class='ocrx_word' id='word_1_182' title='bbox 866 2935 950 2996; x_wconf 86' lang='lat' dir='ltr'><strong>natir</strong></span> <span class='ocrx_word' id='word_1_183' title='bbox 969 2929 1012 2995; x_wconf 89' lang='lat' dir='ltr'><strong>ad</strong></span> <span class='ocrx_word' id='word_1_184' title='bbox 1031 2950 1125 2995; x_wconf 89' lang='lat' dir='ltr'><strong>sacra</strong></span> <span class='ocrx_word' id='word_1_185' title='bbox 1143 2932 1267 3011; x_wconf 82' lang='lat' dir='ltr'><strong>procti-</strong></span> 
     </span>
     <span class='ocr_line' id='line_1_26' title="bbox 199 3038 1317 3125; baseline 0.004 -23"><span class='ocrx_word' id='word_1_186' title='bbox 199 3038 303 3104; x_wconf 89' lang='lat' dir='ltr'><strong>randa</strong></span> <span class='ocrx_word' id='word_1_187' title='bbox 321 3038 471 3117; x_wconf 88' lang='lat' dir='ltr'><strong>tradunt,</strong></span> <span class='ocrx_word' id='word_1_188' title='bbox 489 3040 661 3125; x_wconf 92' lang='lat' dir='ltr'><strong>reliquum</strong></span> <span class='ocrx_word' id='word_1_189' title='bbox 681 3040 849 3125; x_wconf 89' lang='lat' dir='ltr'><strong>oppidum</strong></span> <span class='ocrx_word' id='word_1_190' title='bbox 868 3039 1077 3122; x_wconf 89' lang='lat' dir='ltr'><strong>relinquunt.</strong></span> <span class='ocrx_word' id='word_1_191' title='bbox 1287 3056 1317 3106; x_wconf 84' lang='lat'><strong>25</strong></span> 
     </span>
     <span class='ocr_line' id='line_1_27' title="bbox 269 3142 1268 3235; baseline -0.004 -22"><span class='ocrx_word' id='word_1_192' title='bbox 269 3149 336 3215; x_wconf 93' lang='grc' dir='ltr'><strong>ΙΙΙ.</strong></span> <span class='ocrx_word' id='word_1_193' title='bbox 359 3149 476 3216; x_wconf 85' lang='lat' dir='ltr'><strong>Hirius</strong></span> <span class='ocrx_word' id='word_1_194' title='bbox 496 3151 679 3217; x_wconf 92' lang='lat' dir='ltr'><strong>consilium</strong></span> <span class='ocrx_word' id='word_1_195' title='bbox 700 3153 872 3235; x_wconf 89' lang='lat' dir='ltr'><strong>plerisque</strong></span> <span class='ocrx_word' id='word_1_196' title='bbox 893 3147 1090 3216; x_wconf 91' lang='lat' dir='ltr'><strong>civitatibus</strong></span> <span class='ocrx_word' id='word_1_197' title='bbox 1111 3142 1268 3230; x_wconf 88' lang='lat' dir='ltr'><strong>displice·</strong></span> 
     </span>
     <span class='ocr_line' id='line_1_28' title="bbox 199 3254 1267 3345; baseline -0.006 -21"><span class='ocrx_word' id='word_1_198' title='bbox 199 3258 259 3324; x_wconf 91' lang='lat' dir='ltr'><strong>bat</strong></span> <span class='ocrx_word' id='word_1_199' title='bbox 280 3268 313 3323; x_wconf 90' lang='lat' dir='ltr'><strong>et</strong></span> <span class='ocrx_word' id='word_1_200' title='bbox 334 3257 368 3322; x_wconf 89' lang='lat' dir='ltr'><strong>in</strong></span> <span class='ocrx_word' id='word_1_201' title='bbox 390 3265 481 3325; x_wconf 89' lang='lat' dir='ltr'><strong>terra</strong></span> <span class='ocrx_word' id='word_1_202' title='bbox 502 3259 658 3325; x_wconf 81' lang='lat' dir='ltr'><strong>dimicari</strong></span> <span class='ocrx_word' id='word_1_203' title='bbox 679 3260 791 3345; x_wconf 89' lang='lat' dir='ltr'><strong>magis</strong></span> <span class='ocrx_word' id='word_1_204' title='bbox 813 3257 977 3343; x_wconf 87' lang='lat' dir='ltr'><strong>placebat.</strong></span> <span class='ocrx_word' id='word_1_205' title='bbox 1026 3257 1150 3340; x_wconf 90' lang='lat' dir='ltr'><strong>Itaque</strong></span> <span class='ocrx_word' id='word_1_206' title='bbox 1172 3254 1267 3319; x_wconf 91' lang='lat' dir='ltr'><strong>missi</strong></span> 
     </span>
     <span class='ocr_line' id='line_1_29' title="bbox 199 3367 1268 3450; baseline -0.006 -17"><span class='ocrx_word' id='word_1_207' title='bbox 199 3379 280 3433; x_wconf 92' lang='lat' dir='ltr'><strong>sunt</strong></span> <span class='ocrx_word' id='word_1_208' title='bbox 297 3368 421 3435; x_wconf 88' lang='lat' dir='ltr'><strong>delecti</strong></span> <span class='ocrx_word' id='word_1_209' title='bbox 437 3391 517 3434; x_wconf 92' lang='lat' dir='ltr'><strong>cum</strong></span> <span class='ocrx_word' id='word_1_210' title='bbox 536 3369 704 3447; x_wconf 81' lang='lat' dir='ltr'><strong>Leonida,</strong></span> <span class='ocrx_word' id='word_1_211' title='bbox 723 3367 1079 3434; x_wconf 81' lang='lat' dir='ltr'><strong>Lacedaemoniorum</strong></span> <span class='ocrx_word' id='word_1_212' title='bbox 1097 3372 1190 3450; x_wconf 88' lang='lat' dir='ltr'><strong>rege,</strong></span> <span class='ocrx_word' id='word_1_213' title='bbox 1208 3368 1268 3448; x_wconf 91' lang='lat' dir='ltr'><strong>qui</strong></span> 
     </span>
     <span class='ocr_line' id='line_1_30' title="bbox 198 3471 1268 3563; baseline -0.004 -22"><span class='ocrx_word' id='word_1_214' title='bbox 198 3477 452 3563; x_wconf 88' lang='lat' dir='ltr'><strong>Thermopylas</strong></span> <span class='ocrx_word' id='word_1_215' title='bbox 470 3485 681 3561; x_wconf 90' lang='lat' dir='ltr'><strong>occuparent</strong></span> <span class='ocrx_word' id='word_1_216' title='bbox 698 3478 906 3563; x_wconf 89' lang='lat' dir='ltr'><strong>longiusque</strong></span> <span class='ocrx_word' id='word_1_217' title='bbox 923 3477 1086 3543; x_wconf 91' lang='lat' dir='ltr'><strong>barbaros</strong></span> <span class='ocrx_word' id='word_1_218' title='bbox 1104 3471 1268 3560; x_wconf 78' lang='lat' dir='ltr'><strong>progredi</strong></span> 
     </span>
     <span class='ocr_line' id='line_1_31' title="bbox 200 3585 1321 3670; baseline 0 -19"><span class='ocrx_word' id='word_1_219' title='bbox 200 3593 271 3652; x_wconf 93' lang='lat' dir='ltr'><strong>non</strong></span> <span class='ocrx_word' id='word_1_220' title='bbox 305 3598 513 3670; x_wconf 90' lang='lat' dir='ltr'><strong>paterentur.</strong></span> <span class='ocrx_word' id='word_1_221' title='bbox 572 3589 601 3653; x_wconf 91' lang='lat' dir='ltr'><strong>Ii</strong></span> <span class='ocrx_word' id='word_1_222' title='bbox 633 3587 704 3653; x_wconf 86' lang='lat' dir='ltr'><strong>vim</strong></span> <span class='ocrx_word' id='word_1_223' title='bbox 736 3587 891 3653; x_wconf 88' lang='lat' dir='ltr'><strong>hostiurn</strong></span> <span class='ocrx_word' id='word_1_224' title='bbox 924 3593 995 3651; x_wconf 93' lang='lat' dir='ltr'><strong>non</strong></span> <span class='ocrx_word' id='word_1_225' title='bbox 1030 3585 1267 3651; x_wconf 86' lang='lat' dir='ltr'><strong>sustinuerunt</strong></span> <span class='ocrx_word' id='word_1_226' title='bbox 1288 3602 1321 3651; x_wconf 79' lang='lat'><strong>30</strong></span> 
     </span>
     <span class='ocr_line' id='line_1_32' title="bbox 202 3690 1268 3780; baseline -0.005 -19"><span class='ocrx_word' id='word_1_227' title='bbox 202 3703 314 3780; x_wconf 91' lang='lat' dir='ltr'><strong>eoque</strong></span> <span class='ocrx_word' id='word_1_228' title='bbox 339 3696 418 3762; x_wconf 93' lang='lat' dir='ltr'><strong>loco</strong></span> <span class='ocrx_word' id='word_1_229' title='bbox 444 3704 566 3762; x_wconf 90' lang='lat' dir='ltr'><strong>omnes</strong></span> <span class='ocrx_word' id='word_1_230' title='bbox 591 3696 804 3762; x_wconf 91' lang='lat' dir='ltr'><strong>interierunt.</strong></span> <span class='ocrx_word' id='word_1_231' title='bbox 853 3694 903 3760; x_wconf 90' lang='lat' dir='ltr'><strong>At</strong></span> <span class='ocrx_word' id='word_1_232' title='bbox 929 3695 1045 3761; x_wconf 89' lang='lat' dir='ltr'><strong>classis</strong></span> <span class='ocrx_word' id='word_1_233' title='bbox 1072 3690 1268 3760; x_wconf 87' lang='lat' dir='ltr'><strong>commonis</strong></span> 
     </span>
     <span class='ocr_line' id='line_1_33' title="bbox 203 3803 1267 3887; baseline -0.004 -16"><span class='ocrx_word' id='word_1_234' title='bbox 203 3803 365 3871; x_wconf 85' lang='lat' dir='ltr'><strong>Graeciae</strong></span> <span class='ocrx_word' id='word_1_235' title='bbox 389 3812 622 3871; x_wconf 88' lang='lat' dir='ltr'><strong>trecentarum</strong></span> <span class='ocrx_word' id='word_1_236' title='bbox 647 3805 798 3881; x_wconf 89' lang='lat' dir='ltr'><strong>navium,</strong></span> <span class='ocrx_word' id='word_1_237' title='bbox 823 3803 857 3868; x_wconf 92' lang='lat' dir='ltr'><strong>in</strong></span> <span class='ocrx_word' id='word_1_238' title='bbox 884 3810 952 3887; x_wconf 94' lang='lat' dir='ltr'><strong>qua</strong></span> <span class='ocrx_word' id='word_1_239' title='bbox 976 3803 1145 3870; x_wconf 91' lang='lat' dir='ltr'><strong>ducentae</strong></span> <span class='ocrx_word' id='word_1_240' title='bbox 1171 3811 1267 3869; x_wconf 90' lang='lat' dir='ltr'><strong>erant</strong></span> 
     </span>
    </p>
   </div>
   <div class='ocr_carea' id='block_1_3' title="bbox 0 0 1500 4358">
    <p class='ocr_par' dir='ltr' id='par_1_3' title="bbox 0 0 1500 4358">
     <span class='ocr_line' id='line_1_34' title="bbox 0 0 1500 4358; baseline 0 1"><span class='ocrx_word' id='word_1_241' title='bbox 0 0 1500 4358; x_wconf 95' lang='lat' dir='ltr'><strong> </strong></span> 
     </span>
    </p>
   </div>
  </div>
 </body>
</html>
