2992 4358
609 265 848 325 Aicmnoes
1222 269 1259 337 31

196 467 275 516 eum
300 451 371 515 nen
396 449 530 516 efficere
554 471 656 534 posse
681 450 864 516 ducebant.
915 451 971 515 Ex
996 456 1067 535 que
1092 450 1197 516 fiebat
1223 460 1261 516 ut

195 560 310 626 omnia
326 559 441 625 minus
457 566 620 644 prospere
636 570 734 644 gesta
750 561 871 644 culpae
888 559 1088 637 tribuerent,
1106 580 1186 625 cum
1202 569 1261 626 aut

195 690 275 735 eum
309 669 540 754 neglegenter
573 680 632 735 aut
667 670 837 735 malitiose
869 669 990 735 iecisse
1024 671 1260 753 loquerentur,

195 785 281 845 sicut
295 789 371 844 tum
386 779 525 857 accidit;
542 799 621 871 nam
637 790 840 864 corruptum
855 785 876 844 a
891 785 973 863 rege
989 799 1110 863 capere
1128 777 1261 862 Cymen

159 888 347 960 snoluisse
380 889 581 973 arguebant.
641 889 762 972 Itaque
796 888 876 953 huic
911 887 1063 953 maxime
1097 893 1261 971 putamus

194 999 284 1062 malo
308 996 412 1063 iuisse
436 997 578 1063 nimiam
603 998 805 1082 opinienem
829 997 959 1082 ingenii
982 1006 1086 1080 atque
1110 995 1259 1073 virtutis;

193 1106 381 1171 timebatur
396 1107 488 1171 enim
505 1113 576 1171 non
592 1106 707 1172 minus
723 1126 827 1190 quam
844 1106 1062 1190 diligebatur,
1080 1111 1123 1171 ne
1140 1125 1260 1171 secun-

193 1214 236 1281 da
259 1215 398 1281 lorttina
421 1222 628 1300 magnisque
650 1215 776 1300 opibus
799 1216 910 1281 elatus
935 1214 1152 1299 tyrannidem
1177 1234 1259 1280 con-

193 1332 394 1409 cupisceret.
438 1326 575 1410 Quibus
593 1326 695 1391 rebus
712 1324 842 1391 iactum
859 1336 910 1391 est
928 1335 965 1390 ut
981 1325 1116 1391 absenti
1133 1323 1260 1408 magis·

141 1469 173 1506 10
192 1441 320 1501 tratum
335 1435 542 1520 abrogarent
558 1446 592 1501 et
607 1436 713 1501 alium
729 1436 763 1500 in
778 1436 852 1501 eius
867 1436 984 1500 locum
1001 1434 1257 1500 substituerent.

263 1543 303 1608 Id
324 1543 379 1609 ille
399 1553 438 1609 ut
457 1543 600 1621 audivit,
621 1544 767 1609 domum
786 1549 911 1609 reverti
932 1543 1042 1608 naluit
1063 1553 1097 1609 et
1118 1549 1154 1608 se
1175 1543 1259 1609 Pac-

191 1659 272 1737 tyen
301 1653 448 1719 contulit
476 1653 593 1737 ibique
623 1654 688 1720 tria
716 1654 853 1719 castella
882 1652 1098 1731 commaniit,
1129 1651 1259 1730 Ornes,

192 1763 394 1841 Bizanthen,
412 1763 640 1841 Neontichos,
656 1769 830 1847 manuque
846 1763 992 1828 collecta
1007 1769 1138 1845 primus
1154 1761 1259 1829 Grae-

192 1894 251 1938 cae
266 1872 413 1938 civitatis
428 1873 462 1937 in
477 1873 680 1938 Thraeciam
696 1873 839 1949 introiit,
856 1872 1042 1957 glariosius
1057 1872 1258 1938 existimans

141 2012 170 2062 15
191 1981 415 2047 barbarorum
436 1982 561 2065 praeda
582 1982 787 2064 locupletari
808 2002 912 2065 quam
935 1980 1129 2047 Graiorum.
1177 1981 1258 2065 Qua

192 2112 237 2155 ex
252 2097 288 2155 re
304 2097 458 2156 creverat
475 2111 555 2155 cum
571 2091 753 2156 famatum
769 2090 905 2174 opibus,
923 2096 1157 2174 magnamque
1174 2096 1257 2154 ami-

190 2200 304 2265 citiam
318 2199 381 2265 sibi
395 2221 476 2266 cum
488 2200 696 2285 quibusdam
710 2201 851 2284 regibus
865 2200 1053 2266 Thraeciae
1068 2210 1256 2284 pepererat.

260 2309 363 2375 VIII.
388 2309 513 2392 Neque
535 2320 652 2376 tamen
672 2316 693 2375 a
713 2310 855 2376 caritate
878 2310 1006 2394 patriae
1029 2309 1143 2392 potuit
1165 2314 1256 2374 rece·

190 2415 279 2482 dere.
322 2415 412 2480 Nam
428 2436 509 2480 cum
524 2415 616 2498 apud
633 2415 754 2499 Aegos
769 2414 899 2479 flamen
918 2415 1100 2494 Philocles,
1118 2425 1257 2500 praetor

138 2561 171 2599 20
190 2524 467 2602 Atheniensium,
486 2523 628 2590 classem
647 2524 883 2590 constituisset
902 2545 999 2590 suam
1018 2547 1133 2609 neque
1151 2526 1257 2609 longe

189 2633 324 2700 abesset
342 2633 528 2717 Lysander,
544 2644 683 2717 praetor
700 2633 1070 2713 Lacedaemonierum,
1087 2641 1146 2719 qui
1162 2635 1197 2699 in
1214 2641 1256 2700 eo

191 2753 261 2809 erat
292 2749 484 2826 occupatus
515 2753 552 2808 ut
583 2743 712 2809 bellum
744 2763 849 2825 quam
881 2743 1074 2810 diutissime
1104 2743 1255 2822 duceret,

189 2852 283 2936 quod
300 2852 382 2935 ipsis
398 2851 545 2937 pecunia
561 2858 580 2916 a
596 2858 678 2936 rege
695 2853 991 2936 suppeditabatur,
1010 2859 1129 2920 contra
1147 2854 1256 2918 Athe·

191 2962 365 3027 niensibus
391 2960 568 3027 exhaustis
595 2972 730 3044 praeter
757 2983 852 3027 arma
879 2973 913 3029 et
940 2969 1045 3028 naves
1071 2962 1154 3028 nihil
1183 2972 1255 3029 erat

137 3107 168 3156 25
189 3093 301 3155 super,
333 3070 529 3137 Alcibiades
560 3070 603 3136 ad
636 3072 828 3137 exercitum
860 3072 953 3138 venit
986 3072 1255 3138 Atheniensium

189 3181 306 3263 ibique
322 3191 500 3264 praesente
517 3180 624 3265 vulgo
641 3202 745 3265 agere
761 3181 890 3265 coepit:
907 3188 935 3247 si
950 3182 1086 3260 vellent,
1104 3189 1140 3247 se
1157 3188 1255 3247 coac-

189 3296 306 3357 tarum
331 3289 549 3374 Lysandrum
572 3290 735 3357 dimicare
758 3302 817 3357 aut
841 3298 963 3375 pacem
986 3302 1121 3374 petere;
1147 3291 1254 3357 Lace-

188 3400 392 3466 daemonios
410 3407 452 3466 ee
471 3400 563 3466 nolle
582 3400 687 3466 classe
706 3400 904 3486 confligere,
925 3399 1021 3483 quod
1039 3400 1255 3484 pedestribus

188 3509 297 3593 copiis
310 3509 387 3592 plris
401 3530 507 3591 quam
521 3509 666 3574 navibus
678 3510 828 3575 valerent
836 3532 843 3588 ;
859 3509 922 3574 sibi
936 3520 1055 3575 autem
1069 3531 1141 3575 esse
1156 3508 1254 3575 facile

135 3654 169 3703 30
189 3618 370 3697 Seuthem,
388 3625 508 3702 regem
526 3618 732 3696 Thraecum,
750 3617 920 3685 addacere
938 3629 976 3684 ut
993 3640 1073 3684 eum
1090 3625 1180 3685 terra
1197 3619 1254 3683 de-

189 3729 344 3814 pelleret;
368 3735 439 3814 quo
463 3729 558 3794 iacto
582 3729 775 3794 necessario
798 3738 856 3793 aut
880 3728 986 3795 classe
1011 3729 1253 3794 conflicturum

188 3848 248 3910 aut
265 3838 394 3903 bellum
413 3836 701 3921 compositarum.
746 3837 786 3902 Id
804 3843 869 3902 etsi
886 3842 967 3902 vere
985 3836 1118 3902 dictum
1137 3836 1254 3901 Philo-
