2992 4358
7 1398 17 1425 ἱ

563 968 627 1038 ΙΧ.
659 957 946 1039 AGESILAUS

291 1159 317 1224 I.
338 1158 524 1243 Agesilaus
544 1157 842 1224 Lacedaemonius
862 1177 942 1222 cum
962 1163 982 1222 a
1002 1162 1124 1222 ceteris
1144 1154 1293 1238 scripto.

220 1268 314 1333 ribus
332 1278 408 1333 tum
427 1266 555 1333 eximie
572 1273 593 1332 a
613 1266 852 1351 Xenophonte
872 1265 1053 1331 Sacratice
1074 1264 1289 1331 collaudatus

222 1387 288 1454 est;
310 1383 353 1443 ed
375 1376 466 1442 enim
487 1379 569 1441 risus
590 1385 642 1441 est
662 1374 934 1442 familiarissime.
980 1373 1051 1439 Hic
1072 1379 1223 1458 primum
1246 1373 1289 1438 de

221 1492 331 1570 regne
355 1507 435 1551 cum
459 1484 685 1569 Leetychide,
709 1484 821 1551 lratris
844 1480 927 1561 filio,
951 1483 1070 1549 habuit
1094 1480 1289 1548 contentia-

186 1612 199 1661 5
221 1615 312 1661 nem.
358 1594 440 1659 Mos
460 1593 644 1660 eratenim
665 1592 951 1659 Lacedaemoniis
971 1598 992 1658 a
1010 1590 1200 1657 maioribus
1221 1596 1289 1656 tra-

221 1702 325 1780 ditus
348 1713 385 1768 ut
407 1702 508 1767 binos
530 1701 698 1768 haberent
722 1722 858 1786 semper
879 1707 990 1785 reges,
1013 1700 1155 1766 nemine
1178 1698 1289 1784 magis

222 1831 326 1894 quam
347 1810 506 1895 imperio,
528 1832 572 1877 ex
593 1810 728 1875 duabus
749 1810 885 1875 familiis
907 1809 1022 1875 Procli
1043 1819 1078 1875 et
1101 1808 1289 1892 Eurysthe-

221 1920 284 1996 nis,
305 1925 365 2004 qui
387 1919 558 2003 principes
579 1941 623 1985 ex
645 1919 813 2004 pregenie
836 1918 999 1984 Herculis
1022 1917 1166 2001 Spartae
1188 1923 1289 2001 reges

221 2028 369 2093 fuerunt.
419 2026 560 2093 Horum
584 2050 629 2094 ex
652 2029 758 2093 altera
781 2026 816 2092 in
839 2025 977 2093 alterius
1001 2026 1148 2092 familiae
1172 2027 1289 2091 locum

85 2196 88 2199 .
170 2158 201 2194 10
222 2136 296 2202 fieri
317 2142 388 2201 non
410 2136 532 2202 licebat
539 2158 547 2215 ;
569 2136 616 2202 ita
638 2157 740 2201 suum
762 2147 906 2220 utraque
928 2135 1097 2201 retinebat
1120 2134 1287 2200 ordinem.

223 2246 379 2310 Primum
403 2244 492 2311 ratio
516 2245 717 2322 habebatur,
741 2250 801 2329 qui
825 2244 999 2310 maximus
1022 2249 1106 2309 natu
1131 2255 1219 2310 esset
1244 2265 1289 2309 ex

222 2355 335 2420 liberis
356 2354 439 2432 eius
460 2360 520 2438 qui
539 2360 689 2438 regnans
711 2353 928 2431 decessisset;
949 2359 1001 2418 sin
1022 2353 1050 2419 is
1071 2352 1167 2419 virile
1189 2372 1289 2418 secus

222 2471 293 2529 non
319 2464 523 2547 reliquisset,
548 2444 625 2530 tum
652 2463 880 2549 deligebatur,
907 2469 967 2547 qui
992 2462 1173 2547 proximus
1201 2471 1289 2528 esset

221 2573 491 2658 propinquitate.
534 2573 697 2638 Mortuus
715 2584 786 2639 erat
802 2553 891 2656 Agis
908 2578 981 2650 rex,
999 2573 1104 2638 frater
1120 2571 1289 2656 Agesilai3

170 2703 199 2753 15
221 2682 331 2747 filium
350 2671 533 2764 reliquerat
554 2680 818 2764 Leotychidem.
864 2680 982 2767 Quem
1002 2680 1057 2747 ille
1077 2687 1198 2747 natum
1218 2664 1290 2745 non

221 2796 380 2875 agnerat‚
406 2790 556 2857 eundem
582 2789 733 2855 moriens
760 2810 862 2855 suum
889 2812 962 2856 esse
988 2790 1132 2856 dixerat.
1185 2790 1219 2854 Is
1246 2789 1289 2854 de

222 2900 355 2965 honere
387 2905 486 2984 regni
519 2919 599 2964 cum
632 2898 810 2982 Agesilai),
844 2904 968 2981 patrue
1002 2904 1076 2975 suo,
1111 2897 1290 2964 contendit

221 3029 334 3092 neque
357 3007 392 3073 id
413 3007 509 3092 quod
532 3006 655 3090 petivit
679 3012 888 3073 censecutos
912 3017 977 3084 est;
1001 3027 1080 3072 nam
1107 3006 1288 3090 Lysandri>

222 3117 445 3202 suffragante,
469 3116 621 3193 homine,
645 3126 684 3181 ut
707 3115 924 3181 ostendimus
947 3122 1060 3198 supra,
1084 3115 1229 3180 iactiesd
1254 3124 1288 3181 et

168 3248 201 3288 ιο
219 3233 267 3293 eis
283 3225 497 3310 temporibus
513 3234 668 3308 potente,
684 3223 870 3308 Agesilaus
886 3225 1056 3290 antelatus
1073 3234 1133 3289 est.

292 3336 339 3401 ΙΙ.
370 3334 440 3399 Hic
468 3334 676 3417 simulatque
705 3332 840 3417 imperii
869 3338 1000 3415 potitus
1029 3342 1091 3410 est,
1120 3330 1287 3415 persuasit

222 3442 506 3510 Lacedaemoniis
526 3453 564 3508 ut
583 3462 664 3507 cum
683 3440 840 3507 exercitu
860 3447 897 3506 se
917 3440 1093 3506 mitterent
1113 3440 1148 3504 in
1168 3440 1288 3505 Asiam

221 3552 423 3634 bellumque
452 3556 526 3635 regi
554 3550 714 3626 iacerent,
745 3549 874 3614 docens
903 3549 1008 3613 satius
1039 3570 1113 3615 esse
1140 3548 1175 3613 in
1203 3547 1288 3614 Asia

221 3682 327 3746 quam
347 3661 381 3726 in
403 3661 546 3743 Eurepa
565 3657 730 3722 dimicari.
776 3657 938 3740 Namque
960 3656 1051 3721 fama
1071 3655 1201 3722 exierat
1223 3657 1288 3722 Ar-

168 3794 199 3847 25
221 3776 389 3838 taxerxen
425 3773 628 3851 comparare
663 3766 785 3832 classes
820 3764 1066 3850 pedestresque
1103 3765 1288 3842 exercitus,
1344 3828 1349 3840 ,

1060 3883 1093 3935 43
