2992 4358
203 218 242 284 16
541 235 730 291 corenam
757 235 926 291 Nspo‘ns

201 417 266 482 iam
284 416 336 482 bis
354 416 471 499 copies
490 417 603 501 regies
620 416 741 484 fecisse
760 415 989 501 naufragium.
1034 415 1266 482 Lacedaemo-

201 526 275 591 nies
295 537 412 591 autem
432 526 521 591 male
541 537 574 591 et
595 525 720 591 ininste
740 524 862 602 lacere,
883 525 995 608 quiid
1015 524 1135 608 potius
1156 524 1266 589 intue-

198 645 326 712 rentur,
347 633 442 718 quod
461 634 616 717 ipsorum
637 633 867 700 dominationi
888 654 993 718 quam
1013 632 1109 717 quod
1130 632 1265 697 r'miver-

198 767 254 811 sae
269 743 431 810 Graeciae
443 744 527 809 titile
542 754 641 810 esset.
681 743 810 827 Quaere,
825 749 853 809 si
867 749 948 808 sues
963 744 1098 827 legates
1112 740 1265 826 recipere

197 854 336 930 vellent,
351 859 440 937 quos
454 853 612 919 Athenes
626 860 801 930 mIserant,
817 859 853 918 se
868 852 1095 929 remitterent,
1112 872 1192 917 cum
1207 850 1265 915 ali·
1286 868 1298 918 5

197 972 251 1026 ter
269 961 345 1027 illes
364 982 554 1044 numquam
574 961 608 1025 in
627 961 772 1044 patriam
792 971 905 1027 essent
924 965 1107 1042 receptnri.

266 1070 369 1136 VIII.
390 1070 523 1136 Tamen
543 1076 614 1135 nen
634 1070 758 1155 efft'rgit
778 1069 906 1135 civium
926 1075 1069 1134 suerum
1090 1068 1263 1134 invidiam.

197 1179 359 1263 Namque
376 1180 421 1244 ob
440 1180 590 1245 eundem
609 1179 782 1256 timerem,
801 1184 872 1262 que
892 1178 1074 1243 damnetus
1093 1188 1164 1245 erat
1185 1177 1265 1242 Mil-

197 1288 316 1365 tiades,
342 1289 547 1354 testulerum
574 1287 749 1372 suffragiis
776 1294 795 1353 e
822 1287 961 1353 civitate
988 1287 1118 1354 eiectus
1146 1285 1264 1370 Arges

195 1397 388 1463 habitetum
405 1397 585 1463 concessit.
628 1396 698 1462 HIc
716 1417 796 1462 cum
813 1406 958 1480 propter
974 1397 1103 1461 multes
1120 1394 1264 1461 virtutes
1285 1427 1316 1464 ιο

195 1513 325 1590 migne
353 1528 433 1572 cum
461 1506 632 1592 dignitate
661 1512 802 1583 viveret,
833 1505 1108 1579 Lacedaemonii.
1128 1505 1264 1589 legeres

194 1615 351 1680 Athenis
368 1621 547 1693 miserunt,
565 1621 625 1699 qui
643 1636 723 1680 eum
740 1615 921 1680 absentem
937 1620 1149 1692 accusarent,
1169 1611 1263 1698 quod

195 1724 398 1790 societetem
417 1744 496 1790 cum
515 1730 597 1809 rege
616 1724 721 1789 Perse
738 1724 781 1789 ad
800 1723 980 1790 Graeciam
999 1721 1263 1807 opprimendam

194 1833 341 1900 fecisset.
381 1833 464 1899 Hec
479 1833 622 1900 crimine
636 1833 759 1899 absens
775 1834 958 1900 damnetus
974 1843 1035 1899 est.

265 1943 305 2007 Id
319 1954 357 2009 ut
369 1943 510 2021 audivit,
525 1943 619 2026 qnod
633 1949 704 2007 non
718 1943 799 2008 satis
813 1948 929 2008 tutum
943 1948 980 2008 se
994 1942 1100 2027 Argis
1113 1940 1262 2020 videbat,
1283 1974 1312 2024 ις

196 2051 384 2136 Corcyram
401 2053 617 2137 demigravit.
649 2052 701 2117 Ibi
719 2073 800 2118 cum
817 2051 989 2136 principes
1006 2050 1263 2117 animadvertis·

195 2170 247 2226 set
271 2161 393 2227 timere
417 2166 461 2226 ne
484 2171 628 2244 propter
650 2167 686 2226 se
709 2161 838 2226 bellum
863 2167 911 2227 ets
937 2159 1204 2227 Lacedaemonii
1229 2171 1262 2227 et

194 2269 426 2335 Athenienses
452 2269 656 2348 indicerent,
683 2269 726 2335 ad
753 2270 958 2348 Admetum,
987 2270 1184 2336 Molossum
1211 2276 1262 2336 re-

195 2399 287 2464 gem,
308 2400 388 2444 cum
410 2385 481 2463 quo
502 2386 532 2444 ei
553 2379 744 2464 hospitium
765 2385 836 2444 non
859 2390 940 2457 erat,
963 2379 1131 2465 cdnh'rgit.
1179 2379 1262 2444 Herc

194 2509 274 2554 cum
293 2489 444 2555 venisset
464 2499 498 2554 et
518 2489 552 2553 in
574 2488 768 2572 praesentiae
787 2495 850 2554 rex
870 2490 1014 2567 abesset,
1037 2495 1108 2573 que
1130 2490 1262 2555 meiere
1281 2514 1315 2553 κο

194 2598 362 2683 religione
386 2605 423 2664 se
448 2610 627 2683 receptum
652 2604 817 2676 tueretur,
843 2598 953 2663 filium
979 2599 1053 2665 eius
1079 2598 1261 2683 parvulum

193 2707 336 2792 arripuit
358 2719 392 2774 et
413 2728 492 2774 cum
514 2714 556 2774 ee
577 2715 613 2774 se
633 2708 667 2772 in
688 2708 874 2774 sacrarium
896 2708 992 2792 quod
1013 2715 1149 2775 summe
1171 2710 1262 2774 cole·

193 2818 297 2883 betur
312 2817 521 2884 caerimonia]
536 2818 694 2884 coniecit.
735 2818 822 2884 Inde
838 2824 908 2883 non
925 2819 1019 2903 prius
1034 2826 1194 2903 egressus
1209 2828 1262 2884 est

194 2948 299 3010 quarn
323 2934 385 2992 rex
410 2949 490 2993 eum
515 2928 594 2994 date
618 2927 741 2994 dextre
764 2927 798 2992 in
823 2927 929 2993 fidem
954 2927 1131 3012 reciperet,
1157 2949 1261 3011 quam

193 3037 372 3122 praestitit.
417 3036 508 3103 Nam
527 3059 607 3104 cum
625 3039 667 3103 ab
686 3037 958 3103 Atheniensibus
977 3048 1010 3104 et
1031 3038 1262 3105 Lacedaemo·
1281 3061 1311 3111 25

194 3147 258 3212 niis
278 3153 528 3230 exposceretur
544 3146 692 3231 publice,
712 3147 905 3232 supplicem
925 3154 996 3212 nen
1016 3129 1168 3231 predidit
1187 3168 1261 3211 mo-

193 3255 339 3340 nuitque
363 3266 401 3322 ut
426 3258 622 3322 censuleret
647 3256 725 3335 sibi;
751 3257 889 3323 difficile
914 3257 1006 3322 enim
1031 3278 1105 3323 esse
1131 3256 1165 3322 in
1190 3268 1261 3322 tam

193 3364 390 3448 propinque
407 3366 484 3431 loce
500 3372 578 3431 tute
594 3386 673 3432 eum
689 3372 826 3431 versari.
868 3365 990 3448 Itaque
1007 3365 1164 3450 Pydnam
1181 3386 1260 3431 eum

194 3473 318 3539 dedeci
334 3474 431 3540 iussit
449 3487 482 3541 et
500 3474 594 3558 quod
611 3474 692 3540 satis
709 3485 797 3541 esset
815 3475 973 3558 praesidii
990 3475 1095 3541 dedit.
1139 3475 1208 3540 HIc
1226 3475 1260 3539 in

193 3587 319 3646 nevem
345 3582 507 3648 omnibus
530 3589 675 3667 ignotus
700 3588 813 3648 nautis
838 3583 1003 3649 escendit.
1054 3582 1154 3667 Quae
1180 3605 1260 3649 cum
1280 3608 1313 3657 30

194 3696 403 3771 tempestete
429 3690 583 3756 ma'rxime
611 3692 754 3756 Naxum
781 3690 935 3767 ferretur,
963 3691 1022 3757 ubi
1049 3702 1124 3757 tum
1152 3691 1260 3757 Athe-

193 3795 365 3861 niensium
384 3808 456 3863 erat
475 3800 657 3874 exercitus,
676 3799 780 3865 sensit
798 3799 1059 3878 Themistocles,
1077 3807 1105 3866 si
1123 3807 1166 3867 ee
1185 3821 1262 3885 per·
