3020 4372
223 207 265 272 80
566 204 757 276 cornuin
783 220 951 276 NEPoTls

225 403 292 469 tiae
313 403 485 468 clardrum
505 403 668 468 virrirum.
714 401 843 487 Attigit
865 401 1026 485 poeticen
1047 423 1199 486 quoque,
1222 406 1292 467 cre-

225 514 350 591 dimus,
369 519 413 577 na
431 512 505 577 eius
523 532 646 595 expers
666 522 755 577 esset
775 511 962 577 suavitatis
1008 511 1170 595 Namque
1188 509 1292 576 versi-

224 623 289 687 bus
307 622 350 687 de
368 627 416 686 eis
434 627 494 705 qui
512 620 645 686 hondre
665 627 849 704 rerumque
869 627 1046 704 gestarum
1065 619 1292 703 amplitudine

225 736 359 796 ceteras
385 729 505 813 populi
532 729 683 794 Ramani
708 729 953 813 praestiterunt
980 728 1144 812 exposuit
1170 728 1229 805 ita,
1254 737 1292 792 ut

225 839 289 904 sub
316 838 534 923 singularum
561 838 771 922 imaginibus
798 838 888 903 iacta
914 837 1207 923 magistratusque
1235 842 1327 904 eri-5

177 938 180 944 ¹
225 969 302 1013 rum
324 954 395 1013 nan
417 947 564 1031 amplius
587 953 762 1031 quaterms
784 953 942 1029 quinisve
965 947 1121 1013 versibus
1144 947 1293 1029 dascrip-

225 1057 320 1135 serit,
342 1054 439 1140 quod
460 1056 521 1122 vix
541 1056 753 1123 eradendum
774 1056 816 1121 sit
839 1062 951 1121 tantas
973 1063 1120 1121 restam
1142 1055 1293 1121 breviter

225 1166 377 1250 potuisse
401 1149 575 1231 declarari.
624 1166 687 1230 Est
711 1165 814 1231 etiam
838 1171 927 1232 imus
949 1166 1036 1232 liber
1058 1165 1188 1232 Graece
1211 1171 1293 1230 crin-

224 1273 346 1352 iectus,
366 1275 409 1340 de
428 1275 610 1339 cdnsulatu
631 1273 819 1339 Cicerrinis

291 1383 396 1449 XIX.
414 1383 514 1450 Haec
529 1383 697 1450 hactenus
712 1383 832 1449 Attici)
848 1389 928 1449 vivri
944 1383 1035 1449 adita
1049 1390 1070 1449 a
1084 1384 1184 1448 nabis
1200 1391 1289 1448 sunt.
1313 1412 1345 1449 ιο

225 1492 340 1570 Nunc,
363 1494 529 1577 quoniam
551 1494 690 1560 fortuna
711 1501 775 1560 nris
798 1494 999 1578 superstites
1023 1500 1053 1559 ei
1075 1514 1149 1559 esse
1170 1490 1291 1567 voluit,

225 1601 629 1686 reliquapersequemur
655 1615 699 1682 et,
726 1614 895 1687 quantum
922 1601 1149 1687 potuerimus,
1176 1606 1292 1665 rarum

226 1711 394 1794 exemplis
421 1712 567 1777 lactares
596 1713 809 1790 docebimus
838 1719 926 1778 sicut
954 1715 1058 1794 supra
1084 1707 1292 1793 significavi.-

223 1840 311 1898 mus,
325 1825 407 1884 suris
422 1819 548 1903 cuique
562 1827 677 1886 mares
691 1822 894 1905 piarumque
910 1820 1092 1886 conciliare
1106 1818 1290 1883 fortunam.

225 1929 387 2013 Namque
405 1930 461 1996 hic
480 1941 664 1996 contentus
682 1929 803 1995 ardine
821 1936 983 2013 equestri,
1002 1934 1073 2013 qud
1093 1938 1164 1994 erat
1184 1938 1291 2002 ortuS,
1313 1953 1343 2003 15

224 2038 259 2103 in
278 2038 484 2105 affinitatem
504 2040 660 2124 pervenit
680 2038 907 2123 imperataris,
929 2039 1012 2103 Divi
1030 2037 1102 2114 filii,
1122 2055 1203 2102 cum
1223 2036 1292 2100 iam

224 2158 303 2213 ante
327 2148 592 2215 familiaritatem
615 2149 688 2215 eius
710 2159 801 2215 esset
822 2152 1030 2213 cansecirtus
1052 2146 1146 2211 nulla
1168 2145 1233 2211 alia
1256 2149 1292 2209 re

224 2279 329 2342 quarn
358 2258 532 2343 elegantia
561 2265 662 2336 vitae,
692 2265 761 2342 qua
790 2263 923 2325 caterris
953 2262 1090 2340 ceperat
1120 2253 1292 2338 principes

223 2366 373 2433 civitatis
388 2366 557 2452 dignitate
571 2374 653 2451 pari,
669 2367 807 2433 fortuna
821 2364 1032 2432 humiliatas
1071 2364 1183 2430 Tanta
1199 2363 1292 2430 enim

224 2477 434 2560 prosperitas
452 2476 635 2544 Caesarem
655 2487 707 2542 est
725 2481 920 2553 crinsecuta,
939 2486 977 2540 ut
993 2473 1077 2539 nihil
1095 2480 1126 2540 ei
1144 2479 1215 2538 ndn
1233 2471 1292 2536 tri·
1311 2497 1344 2533 20

223 2585 336 2650 buerit
353 2585 491 2651 fortuna
509 2587 605 2669 quod
623 2585 785 2668 cuiquam
803 2595 882 2650 ante
901 2584 1080 2660 detulerat,
1099 2593 1134 2648 et
1152 2578 1292 2647 concili-

224 2694 299 2770 arit,
317 2694 410 2778 quod
429 2701 533 2760 nemi)
550 2695 663 2761 adhuc
681 2693 764 2760 civis
784 2693 965 2758 Ramanus
984 2691 1094 2774 quivit
1112 2695 1289 2773 cansequi.

225 2801 319 2868 Nata
335 2813 386 2869 est
400 2814 517 2869 autem
533 2804 652 2869 Attica
668 2803 783 2887 neptis
800 2824 845 2868 ex
861 2800 1031 2885 Agrippa,
1049 2798 1103 2865 cui
1120 2798 1291 2882 virginem

222 2912 329 2978 filiam
344 2913 539 2978 collocarat.
580 2913 682 2978 Hanc
698 2912 823 2979 Caesar
835 2911 895 2978 vix
910 2909 1105 2976 anniculam
1121 2907 1172 2973 Ti.
1192 2906 1291 2973 Clau-

224 3021 282 3087 diri
313 3021 458 3099 Nemini,
489 3021 641 3088 Drusilla
669 3028 763 3099 nati),
794 3025 956 3105 privigna
986 3024 1061 3095 suri,
1092 3015 1291 3101 despondit3
1312 3036 1342 3085 25

224 3151 312 3214 quae
335 3129 537 3197 coniunctid
561 3129 851 3197 necessitudinem
876 3134 999 3196 ebrum
1022 3125 1148 3205 sanxit,
1171 3123 1291 3191 famili-

222 3236 382 3302 aritatem
397 3237 544 3303 reddidit
559 3236 839 3321 frequentiarem.

294 3345 379 3410 XX.
408 3345 632 3430 Quamquam
656 3356 737 3411 ante
761 3346 846 3411 haec
872 3343 1044 3429 spansalia
1069 3348 1141 3408 nr'm
1166 3341 1290 3414 salum,

224 3475 304 3519 cum
321 3455 364 3520 ab
382 3455 467 3520 urbe
483 3455 629 3531 abesset,
648 3474 838 3537 numquam
856 3454 898 3520 ad
917 3459 1060 3519 suarum
1079 3470 1291 3536 quemquam

225 3562 354 3629 litteras
380 3562 486 3639 misit,
513 3569 596 3646 quin
624 3562 744 3628 Attica
770 3563 934 3629 scriberet
961 3560 1043 3646 quid
1071 3569 1202 3645 ageret,
1228 3559 1291 3624 im·
1311 3585 1345 3633 30

225 3674 344 3750 primis
372 3668 454 3751 quid
480 3669 610 3752 legeret
638 3668 832 3751 quibusque
861 3668 894 3732 in
923 3668 1008 3733 locis
1035 3677 1069 3732 et
1097 3686 1202 3749 quam
1231 3663 1290 3729 diu

225 3787 314 3842 esset
327 3782 535 3853 moraturus,
550 3776 610 3843 sed
626 3777 740 3856 etiam,
755 3797 834 3842 cum
850 3787 939 3842 esset
953 3776 988 3841 in
1002 3776 1087 3841 urbe
1102 3785 1135 3840 et
1150 3782 1293 3858 propter
