2992 4358
188 240 229 306 30
531 241 721 297 conulem
748 244 916 319 respons

188 417 386 498 Alcibiadis,
406 416 444 485 ut
461 421 505 486 ad
522 421 596 487 eius
614 423 790 490 triremem
809 425 936 509 vulgus
954 424 1157 506 conflueret,
1176 444 1255 511 pro-

188 528 267 611 inde
285 532 323 594 ac
342 536 371 594 si
387 530 480 595 selus
498 531 704 598 advenisset.
749 533 805 599 Sic
825 535 918 600 enim
937 536 1069 619 populo
1088 547 1160 601 erat
1178 557 1254 621 per·

187 644 339 716 suasum,
361 648 394 704 et
415 638 575 706 adversas
595 641 789 726 superiores
811 653 845 709 et
866 650 1065 728 praesentes
1086 645 1254 711 secundas

187 754 240 813 res
275 748 438 815 accidisse
473 749 547 816 eius
582 758 697 835 opera.
758 752 883 837 Itaque
901 764 952 819 'et
990 753 1182 820 exercitum
1219 754 1254 818 in

188 857 303 923 Sicilia
321 858 488 924 amissum
511 871 545 925 et
568 860 927 928 Lacedaemoniorum
950 862 1111 929 victorias
1134 864 1287 947 culpaes

187 982 270 1032 suae
290 967 496 1045 tribuebant,
518 968 614 1055 quod
636 972 740 1036 talem
763 971 876 1037 virum
899 978 919 1037 e
942 972 1081 1038 civitate
1103 971 1253 1056 expulis-

187 1087 273 1142 sent.
322 1068 447 1161 Neque
469 1078 504 1143 id
528 1079 600 1146 sine
624 1087 727 1146 causa
750 1081 907 1147 arbitrari
929 1081 1150 1160 videbantur;
1173 1102 1253 1146 nam

187 1196 372 1270 postquam
409 1187 576 1254 exercitui
611 1210 770 1273 praeesse
806 1200 978 1274 coeperat,
1015 1211 1127 1274 neque
1162 1196 1254 1256 terra

187 1316 300 1378 neque
317 1302 403 1361 mari
419 1296 536 1363 hostes
552 1304 650 1382 pares
666 1320 740 1365 esse
757 1309 952 1383 potuerant.
996 1300 1066 1365 Hic
1084 1310 1121 1365 ut
1139 1305 1158 1365 e
1173 1304 1253 1365 navi

186 1410 345 1488 egressus
371 1417 433 1484 est,
459 1427 670 1492 quamquam
694 1408 929 1475 Theramenes
956 1419 991 1475 et
1016 1408 1253 1494 Thrasybulus
1274 1434 1306 1472 ιο

185 1513 314 1580 eisdem
336 1516 439 1582 rebus
460 1516 676 1601 praefuerant
699 1518 870 1602 simulque
892 1525 1057 1585 venerant
1081 1519 1116 1583 in
1140 1518 1252 1584 Pirae-

185 1644 255 1701 um,
279 1633 395 1690 tamen
418 1630 527 1690 unum
550 1632 672 1691 omnes
695 1627 791 1691 illurn
815 1627 1124 1711 prosequebantur,
1148 1637 1193 1705 et,
1218 1626 1251 1691 id

186 1731 281 1816 quod
303 1728 494 1817 numquam
515 1740 617 1800 antea
639 1739 703 1799 asu
726 1741 866 1813 venerat
890 1735 953 1801 nisi
977 1735 1162 1820 Olympiae
1184 1735 1252 1801 vic-

185 1841 344 1920 toribus,
361 1849 499 1909 coronis
530 1843 653 1909 laureis
684 1843 876 1928 taeniisque
906 1845 1015 1929 vulgo
1047 1844 1251 1910 donabatur.

188 1951 250 2017 Ille
268 1952 448 2018 lacrimans
466 1953 571 2019 talem
590 1953 869 2019 benevolentiam
889 1954 1017 2019 civium
1036 1959 1179 2020 suerum
1198 1975 1252 2019 ac·
1273 1978 1302 2028 15

185 2061 344 2145 cipiebat,
361 2061 583 2128 reminiscens
599 2062 732 2146 pristini
750 2063 917 2147 temporis
933 2062 1166 2129 acerbitatem.

255 2171 445 2255 Postquam
461 2171 496 2235 in
511 2182 587 2238 astu
602 2173 709 2251 venit,
720 2173 890 2259 cantione
905 2173 1073 2239 advocata
1087 2178 1135 2238 sic
1149 2170 1253 2237 verba

186 2280 277 2359 lecit,
300 2292 337 2346 ut
359 2288 462 2348 nemo
483 2293 553 2348 tam
576 2282 668 2349 ierus
690 2283 793 2349 fuerit
815 2290 899 2367 quin
921 2283 994 2349 eius
1017 2288 1112 2348 casui
1133 2282 1253 2348 illacri-

131 2459 132 2463 Ἰ
186 2389 288 2455 marit
306 2389 555 2474 inimicumque
574 2397 622 2457 eis
640 2397 676 2457 se
695 2391 885 2458 ostenderit
903 2397 1054 2475 quorum
1072 2396 1177 2475 opera
1195 2410 1253 2475 pa·

185 2497 251 2563 tria
269 2497 387 2582 pulsus
406 2497 527 2577 luerat,
548 2498 692 2584 proinde
712 2520 752 2565 ac
772 2506 801 2564 si
820 2499 905 2565 alius
925 2499 1085 2585 populus,
1106 2506 1177 2565 non
1197 2498 1252 2564 ille
1271 2521 1305 2560 ιο

185 2606 258 2692 ipse
279 2614 339 2691 qui
359 2618 433 2673 tum
455 2607 568 2686 flebat,
590 2630 679 2675 eum«
693 2609 863 2694 sacrilegii
884 2609 1091 2676 damnasset.
1138 2607 1252 2675 Resti-
1306 2634 1308 2638 ·

186 2723 262 2783 tuta
278 2723 363 2801 erge
378 2717 458 2783 huic
474 2729 554 2783 sunt
571 2718 708 2802 publice
724 2719 826 2796 bona,
844 2718 1027 2803 eidemque
1044 2719 1092 2784 illi
1109 2718 1253 2784 Eumol-

185 2826 286 2911 pidae
305 2827 500 2894 sacerdotes
519 2834 636 2893 narsus
656 2834 828 2894 resacrare
848 2838 929 2894 sunt
949 2834 1072 2906 coacti,
1092 2818 1151 2912 qui
1171 2847 1253 2894 eum

186 2936 406 3014 devoverant,
439 2938 596 3021 pilaeque
628 2937 714 3014 illae,
746 2937 781 3001 in
813 2937 939 3022 quibus
970 2937 1111 3003 devetie
1143 2937 1253 3003 luerat

186 3052 321 3130 scripta,
344 3044 377 3110 in
398 3065 492 3111 mare
512 3046 766 3129 praecipitatae.
1271 3067 1303 3120 2⁵

254 3155 337 3221 VII.
354 3155 453 3221 Haec
467 3154 638 3221 Alcibiadi
651 3154 779 3221 laetitia
795 3160 866 3222 nen
882 3154 984 3221 nimis
999 3155 1064 3222 fuit
1080 3155 1251 3222 diaturna.

187 3263 280 3330 Nam
299 3285 378 3330 cum
398 3271 428 3331 ei
447 3270 569 3330 omnes
587 3274 701 3355 essent
719 3265 870 3330 honeres
888 3264 1017 3330 decretl
1037 3271 1181 3349 tetaque
1199 3270 1252 3330 res

187 3374 323 3457 publica
346 3374 442 3439 domi
464 3374 615 3459 bellaque
638 3373 775 3452 tradita,
799 3384 838 3440 ut
862 3380 964 3440 anius
988 3374 1128 3441 arbitrie
1153 3395 1253 3460 gere-

185 3485 289 3561 retur,
309 3493 344 3549 et
362 3483 434 3568 ipse
453 3484 661 3567 postulasset
679 3493 717 3548 ut
735 3484 807 3549 duo
825 3483 889 3548 sibi
908 3484 1062 3568 collegae
1079 3483 1251 3560 darentur,

187 3593 423 3677 Thrasybulus
449 3603 483 3660 et
509 3592 730 3669 Adimantus,
757 3614 871 3676 neque
897 3592 932 3657 id
958 3599 1125 3678 negatum
1152 3601 1251 3669 esset,
1272 3620 1305 3668 30

186 3701 293 3766 classe
310 3699 345 3764 in
361 3699 481 3765 Asiam
499 3698 683 3783 profectus
701 3699 798 3782 quod
814 3700 906 3783 apud
925 3700 1059 3785 Cymen
1076 3700 1190 3767 minus
1208 3722 1253 3766 ex

89 3834 91 3837 ·
187 3809 356 3875 sententia
372 3828 444 3874 rem
462 3818 627 3893 gesserat,
645 3808 679 3873 in
697 3808 862 3874 invidiam
880 3808 1036 3889 reccidit;
1056 3806 1139 3874 nihil
1160 3809 1252 3875 enim
