3020 4372
663 228 874 282 naumann
1259 209 1298 292 65

233 414 361 493 scripti,
386 414 447 493 qui
470 407 666 476 Hannibale
688 413 769 474 vivo
793 426 984 491 numquam
1009 413 1046 473 se
1070 406 1143 473 sine
1167 405 1298 471 insidiis

233 515 368 581 futuros
394 514 643 593 existimarent,
669 514 804 599 legatds
829 515 864 580 in
892 498 1094 598 Bithyniam
1120 519 1297 589 miserunt,

233 624 336 690 in'eis
357 623 601 701 Flamininum,
623 628 682 707 qui
701 623 744 687 ab
764 627 846 706 rege
866 633 1024 707 peterent
1045 628 1088 688 ne
1108 620 1299 687 inimicissi-

232 753 329 798 mum
345 752 447 797 suum
463 737 582 797 secum
598 731 739 797 haberet
754 731 888 815 sibique
903 730 1054 797 dederet.
1096 730 1163 795 His
1179 729 1300 795 Prusia

165 854 167 858 ’
197 861 211 912 5
233 846 362 926 negare
383 862 486 906 ausus
509 846 580 906 non
603 851 669 918 est;
691 839 774 905 illud
796 838 978 917 recusavit,
1000 846 1044 904 ne
1066 838 1100 904 id
1124 845 1144 904 a
1166 845 1203 904 se
1226 837 1298 904 fieri

233 949 460 1034 postularent,
486 948 582 1033 quod
606 949 769 1014 adversus
794 948 847 1013 itis
872 947 1012 1032 hospitii
1039 957 1143 1025 esset;
1168 946 1243 1031 ipsi,
1270 953 1298 1011 si

232 1066 388 1141 possent,
410 1056 743 1140 comprehenderent
750 1077 759 1134 3
779 1036 907 1132 locum,
929 1054 988 1119 ubi
1010 1066 1108 1132 esset,
1130 1054 1227 1120 lacile
1248 1054 1298 1118 in-

232 1171 408 1231 venturos.
453 1164 629 1230 Hannibal
648 1165 740 1230 enim
759 1168 831 1229 tino
849 1164 928 1230 loco
947 1155 988 1230 sc¹
1002 1164 1152 1240 tenebat,
1172 1163 1207 1227 in
1228 1183 1298 1228 cas-

233 1275 327 1352 tello,
354 1273 449 1358 quod
477 1280 508 1340 ei
534 1279 554 1339 a
582 1279 665 1358 rege
693 1272 813 1339 datum
843 1283 914 1339 erat
941 1277 1088 1350 muneri,
1117 1272 1221 1355 idque
1250 1277 1298 1338 sic

180 1418 213 1456 10
232 1382 439 1468 aedificarat,
455 1393 493 1448 ut
507 1382 542 1447 in
557 1381 719 1448 omnibus
735 1381 888 1465 partibus
903 1380 1049 1446 aedificii
1065 1381 1180 1447 exitus
1196 1381 1298 1446 habc-

232 1502 293 1570 ret,
312 1491 441 1558 scilicet
459 1497 580 1557 verens
598 1497 641 1557 ne
660 1496 725 1556 usti
744 1497 875 1556 veniret
895 1491 989 1574 quod
1008 1489 1141 1556 accidit.

302 1601 385 1667 Huc
404 1622 484 1667 cum
504 1600 613 1685 legati
631 1601 873 1666 Romanorum
893 1600 1068 1665 venissent
1085 1621 1124 1665 ac
1144 1598 1298 1665 multitu-

232 1711 311 1777 dine
328 1711 475 1777 domum
492 1710 566 1776 eius
583 1709 902 1787 circumdedissent,
920 1730 1006 1793 puer
1022 1710 1065 1774 ab
1083 1708 1185 1774 ianua
1203 1715 1299 1792 pros-

233 1818 363 1904 piciens
388 1818 576 1885 Hannibali
599 1819 688 1885 dixit
712 1819 827 1904 plures
852 1829 986 1903 praeter
1010 1817 1298 1884 cbnsuetudinem

181 1958 211 2009 ις
232 1935 383 1995 armatos
407 1935 582 2013 apparere.
632 1928 705 2014 Qui
728 1927 910 2013 imperavit
935 1933 976 2006 ei,
1001 1938 1039 1993 ut
1063 1933 1185 1993 omnes
1207 1927 1299 1992 fores

233 2037 379 2105 aedificii
414 2040 609 2105 circumiret
645 2061 685 2105 ac
720 2045 869 2123 propere
905 2039 968 2105 sibi
993 2037 1178 2104 nuntiaret
1214 2057 1298 2102 num

232 2147 356 2213 eodem
373 2148 482 2214 modo
499 2148 653 2233 undique
669 2148 893 2215 obsideretur.
937 2147 1029 2213 Puer
1045 2168 1125 2213 eum
1144 2144 1300 2213 celeriter

233 2257 316 2341 quid
338 2257 478 2324 vidisset
501 2258 731 2324 renuntiasset
756 2264 947 2342 omnesque
970 2257 1084 2323 exitus
1108 2262 1299 2339 occupatos

233 2366 450 2445 ostendisset,
473 2367 580 2433 sensit
602 2367 636 2432 id
658 2373 730 2433 non
753 2367 896 2433 fortuito
920 2367 1060 2444 lactum,
1085 2366 1145 2432 sed
1170 2371 1206 2431 se
1229 2371 1299 2449 peti

179 2500 212 2540 20
233 2497 346 2559 neque
370 2476 434 2541 sibi
457 2475 586 2542 diutius
609 2483 716 2542 vitam
740 2498 815 2543 esse
840 2476 1065 2542 retinendam.
1115 2474 1231 2560 Quam
1255 2479 1299 2539 ne

232 2584 344 2650 alieno
361 2585 503 2650 arbitrio
521 2585 722 2664 dimitteret,
739 2606 875 2652 memor
891 2585 1112 2670 pristinarum
1130 2585 1299 2650 virtutum

232 2700 416 2772 venenum,
432 2693 528 2778 quod
543 2715 681 2787 semper
695 2699 813 2760 secum
830 2694 956 2760 habere
972 2699 1165 2771 consuerat,
1182 2698 1299 2775 sump-

233 2802 285 2868 sit.
757 2786 759 2792 ’
1078 2872 1079 2877 1

303 2895 408 2976 XIII.
430 2909 487 2977 Sic
507 2911 559 2976 vir
577 2909 794 2989 fortissimus,
815 2910 933 2976 multis
951 2911 1120 2994 variIsque
1141 2884 1304 2994 perfidi?

179 3047 211 3098 25
232 3029 288 3085 tus
314 3019 499 3097 laboribus,
525 3026 616 3085 anno
642 3019 813 3104 acquievit
839 3018 1108 3104 septuagesimo.
1160 3018 1299 3102 Quibus
1397 3026 1400 3030 '

233 3128 432 3194 consulibus
457 3128 624 3194 interierit
649 3135 720 3194 non
747 3128 917 3195 convenit.
970 3128 1132 3211 Namque
1159 3127 1298 3192 Atticus

138 3273 154 3336 .-
234 3238 283 3303 M.
314 3237 459 3304 Claudio
489 3238 656 3331 Marcello
687 3237 731 3323 Q.
764 3237 872 3304 Fabio
902 3238 1068 3304 Labeone
1099 3237 1298 3302 consulibus

233 3358 410 3412 mortuum
433 3347 468 3411 in
490 3330 603 3412 annali
626 3353 690 3412 suo
713 3346 1050 3438 scripturnjgliquit,
1074 3357 1109 3412 at
1132 3345 1298 3429 Polybius

233 3456 273 3521 L.
294 3456 446 3522 Aemilio
467 3455 576 3522 Paulo
597 3456 659 3523 Cn.
682 3432 1027 3539 Bissbffiamphsso,
1049 3413 1221 3538 Sulpidius
1240 3477 1298 3521 au-

179 3594 212 3643 20
232 3527 440 3688 tqnpnds
459 3565 498 3629 P.
518 3563 681 3679 corpeus
701 3563 860 3649 Cethego
881 3565 930 3630 n.
953 3564 1083 3669 saeue>
1102 3563 1296 3647 rampuns.

921 3632 966 3665 lv,

232 3650 350 3757 Atque
366 3674 421 3738 lnc
438 3645 553 3738 tuitus
569 3674 620 3738 vir
635 3634 809 3756 tadtisqde
826 3649 922 3737 bdllis
938 3641 1112 3737 distrieius
1127 3679 1198 3736 non
1215 3672 1298 3736 nihil

232 3781 398 3869 temporis
428 3780 547 3848 tribuit
577 3781 709 3851 litteris.
766 3780 927 3868 Namque
957 3779 1341 3881 {QEOLIQSIWI
1395 3817 1400 3829 =
