2992 4358
199 231 237 293 18
539 241 729 296 CORNELII
755 241 924 295 NEPOTIS

196 421 287 506 apud
306 428 424 507 regem
441 422 545 488 verba
561 410 692 499 fecisse,
711 442 816 512 quam
832 422 855 487 ii
872 433 1033 506 poterant
1051 430 1111 507 qui
1129 424 1164 490 in
1182 426 1263 490 Per·

196 532 268 598 side
294 543 388 598 erant
413 538 493 597 nati.
545 532 614 597 HIc
639 552 719 597 cum
743 534 851 597 multa
875 538 949 616 regi
974 543 1064 598 esset
1090 534 1262 617 pollicitus

195 641 500 726 gratissimumque
522 641 616 718 illud,
640 647 668 705 si
691 648 761 706 suis
783 646 834 706 uti
856 641 1006 707 consiliIs
1028 642 1141 720 vellet,
1165 643 1261 707 illum

197 750 376 816 Graeciam
407 750 499 815 bello
529 755 788 833 oppressurum,
820 755 957 833 magnis
988 751 1189 840 muneribus
1220 751 1262 815 ab

194 860 391 924 Artaxerxe
404 859 554 923 donatus
567 859 602 922 in
614 858 735 923 Asiam
748 858 848 924 rediit
862 859 1146 942 domiciliumque
1162 860 1261 944 Mag·
1282 876 1294 926 5

194 968 306 1034 nesiae
321 967 384 1033 sibi
398 974 510 1033 causti
503 967 587 1032 tuit.
618 967 779 1051 Namque
794 968 881 1033 hanc
896 969 1017 1034 urbem
1033 975 1064 1033 ei
1078 975 1139 1033 rex
1155 969 1261 1033 dona-

194 1087 255 1153 rat,
232 1076 333 1141 this
356 1075 499 1160 quidem
522 1077 646 1153 verbas,
670 1096 758 1160 quae
784 1082 814 1141 ei
837 1082 964 1160 panem
989 1077 1167 1161 praebere
1168 1099 1261 1142 —ex

193 1191 262 1269 qua
280 1185 424 1270 regione
443 1191 720 1269 quinquagenat
707 1186 815 1251 taient
802 1197 836 1251 ta
855 1193 1040 1269 quotannis
1060 1165 1262 1251 redibant-

195 1294 430 1378 Lampsacum
448 1305 578 1372 autem,
598 1294 692 1359 unde
710 1301 830 1359 viuum
849 1300 999 1360 sumeret
1001 1294 1194 1378 ,Myunta
1214 1316 1259 1360 ex

194 1409 264 1487 qua
286 1402 471 1469 obsonium
496 1403 646 1487 haberet.
1233 1420 1240 1433 ²
1282 1436 1313 1470 10

264 1512 380 1577 Helius
402 1513 444 1578 ad
468 1523 622 1578 nostram
646 1513 852 1579 memoriam
876 1523 1104 1579 monumenta
1127 1519 1260 1578 manse-

194 1633 274 1688 runt
291 1623 376 1701 duo;
394 1624 592 1706 sepulcrum
610 1644 718 1707 prope
737 1623 917 1707 oppidum,
937 1623 971 1687 in
990 1629 1061 1706 quo
1080 1634 1131 1688 est
1150 1622 1261 1706 sepul-

193 1742 259 1808 tus,
280 1740 393 1814 statua
411 1730 446 1794 in
465 1730 541 1795 foro
561 1730 773 1816 Magnesiae.
818 1732 874 1798 De
894 1731 991 1797 cuius
1012 1741 1125 1798 morte
1146 1729 1260 1796 multi-

194 1839 307 1905 modis
331 1838 423 1923 apud
448 1839 631 1924 plerosque
655 1847 822 1925 scriptum
847 1850 909 1919 est,
935 1841 996 1907 sed
1021 1846 1086 1906 nos
1110 1840 1260 1906 eundem

193 1949 414 2033 potissimum
429 1949 671 2032 Thucydidem
684 1951 863 2016 auctorem
877 1949 1077 2034 probamus,
1091 1956 1152 2033 qui
1165 1948 1261 2014 illum
1281 1974 1310 2024 15

193 2057 239 2123 ait
261 2057 463 2142 Magnesiae
484 2059 608 2123 morbo
630 2069 808 2124 mortuum
829 2079 941 2141 neque
961 2070 1065 2143 negat
1086 2058 1192 2125 fuisse
1213 2058 1260 2123 fa-

193 2187 297 2244 mam,
313 2173 487 2232 venenum
500 2173 564 2233 sua
579 2177 702 2250 sponte
719 2167 916 2251 sumpsisse,
934 2189 1013 2233 cum
1030 2174 1066 2233 se
1082 2189 1169 2251 quae
1186 2173 1261 2251 regi

193 2276 237 2342 de
255 2276 398 2342 Graecia
415 2276 644 2361 opprimenda
661 2277 836 2361 pollicitus
854 2287 944 2342 esset
963 2283 1139 2360 praestare
1158 2297 1261 2359 posse

194 2385 403 2469 desperaret.
447 2367 551 2453 idem
573 2407 651 2452 ossa
673 2387 747 2452 eius
769 2385 856 2451 clam
880 2386 914 2450 in
936 2385 1054 2476 Attica
1077 2386 1119 2451 ab
1142 2391 1260 2451 amicis

195 2495 339 2578 sepulta,
359 2494 524 2578 quoniam
544 2495 679 2579 legibus
699 2501 769 2559 non
789 2494 1047 2583 concederetur,
1068 2494 1163 2577 quod
1183 2500 1261 2578 pro·
1280 2522 1313 2560 πο

193 2603 334 2670 ditionis
357 2616 446 2671 esset
467 2604 660 2683 damnatus,
683 2604 873 2670 memoriae
895 2602 1057 2687 prodidit.
