3020 4372
655 231 865 289 naamani
1254 226 1295 303 5'9

225 411 289 479 nisi
307 411 439 481 victum
459 412 601 481 dimisit.
646 415 702 480 Ad
722 415 830 499 Alpes
850 421 1077 499 posteaquam
1097 415 1202 493 venit,
1223 421 1291 498 qua

224 502 358 588 ltaliam
378 525 420 588 ab
442 523 551 589 Gallia
570 523 770 608 seiungunt,
789 529 875 608 quas
896 530 1000 590 nemi>
1022 544 1188 608 umquam
1210 544 1290 588 cum

225 631 380 697 exercitt]
397 643 476 697 ante
493 652 573 697 eum
591 643 725 715 praeter
742 632 933 698 Herculem
951 632 1094 698 Graium
1112 631 1291 698 transierat

222 744 340 823 -qub
360 739 451 805 iacta
471 740 498 804 is
517 740 622 806 hodie
641 732 746 806 sallus
766 739 890 807 Graius
908 739 1290 824 appellatur—Alpinis

188 854 387 916 scanantas
419 849 602 932 prohibere
635 848 780 914 transitu
814 848 976 941 concidit,
1009 850 1085 914 loca
1118 847 1289 931 patefecit,

223 957 346 1024 itinera
375 957 511 1035 muniit,
542 957 657 1024 effecit
689 968 726 1023 ut
758 964 799 1024 ea
830 958 1033 1041 elephantus
1066 962 1209 1022 brnatus
1240 963 1289 1022 ire

222 1075 352 1149 posset,
377 1072 444 1150 qua
465 1072 571 1133 antea
593 1072 683 1131 unus
705 1066 812 1132 homo
836 1065 974 1132 inermis
997 1066 1057 1132 vix
1081 1076 1217 1150 poterat
1241 1072 1292 1131 ra·

222 1195 313 1258 pere.
357 1174 435 1240 Hac
454 1175 572 1259 ccipias
589 1175 745 1262 traduxit
764 1176 798 1240 in
815 1157 1021 1259 italiamque
1039 1174 1203 1259 pervenit.

178 1326 181 1336 .
292 1284 355 1350 IV.
380 1283 593 1351 Canflixerat
613 1271 707 1369 apud
729 1285 940 1351 Rhodanum
962 1306 1042 1350 cum
1063 1285 1101 1350 P.
1126 1283 1289 1350 Cornelia

171 1423 203 1460 10
223 1392 385 1476 Scipibne
404 1395 545 1460 cansule
564 1415 715 1479 eumque
734 1394 922 1478 pepulerat.
967 1393 1057 1460 Cum
1077 1394 1143 1459 hac
1163 1392 1289 1459 eadem

223 1500 377 1567 Clastidii
408 1502 499 1585 apud
532 1503 666 1568 Padum
697 1503 859 1571 decemit'
883 1503 1107 1586 sauciumque
1140 1502 1219 1569 inde
1250 1523 1289 1568 ac

221 1611 382 1695 iugatum
401 1610 552 1678 dimittit.
595 1612 716 1679 Tertia
734 1612 827 1685 idem
848 1611 965 1696 Scipiri
983 1633 1063 1677 cum
1083 1611 1217 1695 collega
1234 1610 1287 1699 Ti.

223 1719 351 1804 Longu
375 1721 467 1804 apud
492 1720 654 1787 Trebiam
678 1721 842 1787 adversus
867 1742 948 1787 eum
971 1721 1075 1787 venit.
1125 1720 1215 1787 Cum
1240 1727 1288 1786 eis

222 1849 365 1893 manum
386 1829 571 1907 canseruit‚
593 1812 760 1913 utrasque
783 1828 992 1914 prbfligavit.
1040 1828 1126 1894 Inde
1147 1849 1208 1912 per
1231 1827 1288 1892 Li-

171 1964 199 2014 15
221 1944 326 2021 gures
344 1937 595 2021 Appenninum
615 1938 761 2017 transiit,
781 1945 902 2023 petens
921 1938 1105 2004 Etruriam.
1151 1937 1233 2003 Hac
1253 1938 1288 2002 in

221 2046 340 2112 itinere
360 2046 448 2113 adea
468 2054 566 2131 gravi
585 2048 709 2113 morbi>
728 2046 876 2113 afficitur
891 2048 1087 2157 peularum,
1108 2057 1146 2112 ut
1166 2051 1288 2130 postea

222 2175 413 2239 numquam
439 2155 564 2227 dextri>
589 2162 699 2241 aeque
724 2157 812 2223 bene
838 2161 920 2225 usus
947 2156 999 2222 sit.
1052 2154 1134 2240 Qua
1158 2156 1287 2220 valitu-

221 2264 300 2330 dine
320 2285 400 2330 cum
420 2264 610 2332 etiamnum
630 2271 846 2350 premeretur
862 2265 1053 2348 lecticaque
1072 2264 1226 2342 ferratur,
1247 2262 1285 2329 C.

221 2373 432 2439 Flaminium
450 2374 629 2440 crinsulem
647 2374 739 2459 apud
759 2374 1012 2440 Trasumanum
1031 2394 1111 2438 cum
1131 2372 1287 2439 exercita

168 2513 201 2552 20
219 2481 351 2548 insidiis
379 2482 656 2549 circumventum
685 2483 824 2561 occidit,
853 2504 966 2567 neque
994 2482 1108 2548 multa
1138 2493 1217 2566 post
1247 2480 1285 2547 C.

222 2591 429 2658 Centenium
451 2599 646 2676 praetdrem
670 2614 750 2658 cum
772 2593 905 2658 delecta
928 2598 1033 2658 manu
1057 2594 1162 2659 saltus
1184 2612 1287 2657 occu·

221 2713 371 2786 pantem.
421 2702 515 2768 Hinc
541 2703 576 2767 in
603 2683 766 2786 [lpuliam
793 2702 958 2786 pervenit.
1011 2702 1064 2767 Ibi
1090 2701 1229 2768 obviam
1256 2706 1287 2767 ei

221 2816 390 2877 variarunt
413 2812 485 2877 duo
510 2812 679 2887 causulas,
706 2810 743 2877 C.
770 2811 953 2878 Terentius
978 2821 1012 2877 et
1038 2811 1079 2876 L.
1106 2810 1285 2877 Aemilius

220 2920 413 3005 Utriusque
433 2921 607 2987 exercitiis
626 2926 697 2986 ιἰιιό
717 2921 850 3004 proelia
870 2920 1015 3005 fugavit,
1037 2919 1184 2986 Paulum
1205 2926 1287 2986 ebn-

167 3056 198 3106 25
221 3030 331 3095 sulem
346 3029 474 3096 occidit
492 3038 526 3095 et
541 3030 672 3113 aliquot
689 3035 865 3113 praeterea
881 3029 1089 3107 cansulares,
1107 3029 1141 3094 in
1158 3036 1206 3096 eis
1222 3028 1285 3095 Cn.

221 3136 404 3204 Servilium
425 3137 622 3215 Geminum,
643 3143 703 3221 qui
721 3137 896 3221 superibre
915 3143 1006 3203 anna
1026 3138 1135 3204 fuerat
1154 3137 1285 3204 cansul.

290 3247 333 3313 V.
352 3246 431 3313 Hac
449 3252 568 3331 pugna
585 3252 718 3347 pugnat
721 3252 741 3312 a
705 3246 911 3312 thimam
928 3247 1103 3330 profectus
1121 3248 1217 3312 nulld
1234 3267 1286 3312 re-

220 3356 265 3421 sis
266 3342 361 3423 tente
374 3338 416 3421 id
423 3323 666 3440 propiriquis
642 3357 719 3421 urbi
732 3346 910 3421 montibus
925 3328 1037 3421 mbrat
1024 3366 1079 3421 tus
1094 3365 1155 3422 est
1196 3354 1286 3421 Cum

220 3465 352 3549 aliquot
339 3465 420 3530 tibi
442 3464 514 3530 dies
536 3475 647 3531 castra
668 3464 843 3531 habuisset
866 3475 900 3530 et
923 3461 1078 3549 Capuam
1099 3469 1286 3531 revertere-

167 3599 201 3648 30
219 3585 285 3653 tur,
310 3573 354 3659 Q.
381 3573 509 3639 Fabius
534 3572 723 3651 Maximus,
749 3572 818 3638 dict
806 3578 898 3638 tator
922 3572 1147 3655 Ramanuss
1139 3594 1173 3637 ιιι
1199 3578 1285 3658 agra

222 3684 368 3749 Falerna
392 3687 433 3747 ei
445 3703 490 3770 se
499 3680 639 3755 obiecit.
688 3681 758 3747 Hic
777 3683 916 3783 clausus
939 3656 1096 3747 locatum
1104 3662 1286 3781 angustiis

221 3753 327 3897 npetu
349 3790 422 3857 sine
444 3791 514 3856 ulla
536 3790 594 3855 det
582 3764 744 3856 trimentri
762 3768 899 3856 exercit
901 3794 941 3856 iis
963 3811 1000 3856 se
1021 3752 1198 3874 expedivit
1222 3790 1285 3856 Fa·

228 3932 269 4008 bl
