2992 4358
202 230 250 310 40
547 246 737 299 CORNELII
763 246 932 301 NEPOTIS

207 425 268 490 des
290 424 412 510 populi
433 430 521 491 scito
543 431 614 491 non
638 424 753 509 patruit
775 425 939 510 idemque
962 435 1002 492 ut
1025 425 1175 491 lacerent
1198 445 1274 510 per·

205 534 312 599 suesit
326 534 480 619 collegis,
497 543 531 600 et
545 534 674 601 bellum
690 535 785 619 quod
799 540 996 619 susceperat
1009 534 1124 619 gessit.
1166 534 1273 600 Nam-

205 664 275 728 que
296 643 601 722 animadvertebat,
624 642 689 709 nisi
711 643 746 708 id
768 643 915 722 lecisset,
938 650 1056 710 totum
1080 643 1273 710 exercitum

206 762 348 837 propter
380 734 580 836 praetorum
614 752 883 837 imprudentiam
917 752 1160 836 inscitiamque
1194 752 1273 818 belli

205 860 407 946 peritorum.
453 861 530 926 Lex
551 871 621 928 erat
641 861 781 939 Thebis,
802 883 891 945 quae
911 872 1024 928 morte
1045 862 1225 940 multebat,
1244 867 1273 927 si
1292 876 1305 926 5

204 970 282 1055 quis
304 968 488 1053 imperium
511 969 642 1035 diutius
664 971 862 1036 retinuisset
885 991 991 1054 quam
1014 971 1091 1054 lege
1115 969 1272 1053 praefini-

200 1087 276 1145 tum
295 1077 394 1145 foret.
439 1078 541 1145 Hanc
561 1079 822 1163 Epaminondes
842 1101 923 1144 cum
943 1085 991 1145 rei
1011 1077 1169 1162 poblicae
1189 1084 1271 1143 con-

204 1187 392 1253 servandae
416 1194 519 1254 cause
544 1189 648 1254 letam
674 1188 816 1266 videret,
841 1188 883 1253 ad
910 1188 1097 1271 perniciem
1123 1187 1271 1253 civitetis

204 1295 351 1362 conferri
383 1296 494 1362 noluit
529 1306 563 1363 et
596 1307 761 1380 quattuor
794 1296 970 1362 mensibus
1003 1296 1132 1361 dicitius
1166 1316 1270 1380 quam

203 1405 354 1489 populus
375 1405 519 1472 iusserat
541 1406 648 1490 gessit
669 1406 863 1490 imperium.
1291 1435 1322 1472 ιο

272 1514 375 1580 VIII.
397 1515 589 1599 Postquam
609 1516 754 1581 domum
772 1516 922 1582 reditum
941 1525 1003 1593 est,
1023 1515 1178 1600 collegae
1197 1515 1270 1580 eius

201 1622 270 1690 hoc
283 1623 426 1689 crimine
441 1625 700 1691 accosobantur.
741 1625 879 1709 Quibus
893 1625 947 1690 ille
962 1624 1128 1707 permisit,
1143 1635 1181 1690 ut
1197 1645 1270 1689 om-

203 1752 285 1798 nem
310 1753 449 1798 causam
475 1734 511 1799 in
537 1740 573 1799 se
600 1734 820 1800 transferrent
848 1740 980 1818 sueque
1008 1739 1113 1816 opero
1140 1733 1269 1798 factum

202 1843 464 1920 contenderent,
482 1853 520 1909 ut
538 1844 608 1928 legi
624 1849 695 1909 non
713 1843 927 1910 oboedirent.
971 1843 1052 1927 Quo
1068 1842 1270 1909 defensione

203 1949 267 2016 illis
289 1953 442 2034 periculo
466 1951 628 2031 liberatis,
653 1959 757 2018 nemo
782 1953 1061 2037 Epaminondam
1086 1957 1269 2036 responso·
1290 1978 1319 2029 15

203 2080 280 2124 rum
302 2061 456 2143 putebat,
479 2062 573 2145 quod
595 2061 678 2144 quid
700 2062 829 2129 diceret
852 2069 922 2127 non
945 2062 1095 2128 haberet.
1143 2062 1191 2127 At
1214 2062 1269 2127 ille

203 2168 238 2233 in
258 2168 424 2234 iodicium
445 2171 549 2248 venit,
570 2171 653 2236 nihil
675 2178 796 2237 eorum
817 2173 958 2257 negovit
978 2193 1066 2256 quae
1086 2169 1270 2237 adversarii

202 2278 337 2343 crimini
357 2280 494 2358 dabant,
515 2280 702 2364 omniaque
722 2302 811 2363 quae
831 2283 985 2366 collegae
1006 2283 1166 2347 dixerant
1186 2287 1269 2346 con-

200 2387 309 2453 fessus
341 2398 404 2466 est,
436 2410 548 2473 neque
579 2390 751 2456 recrisevit
784 2391 971 2473 quominus
1002 2390 1089 2475 legis
1119 2412 1270 2476 poenam

203 2497 342 2575 subiret,
370 2498 429 2563 sed
456 2504 565 2564 tinum
590 2500 632 2564 ab
659 2506 706 2565 eis
733 2500 866 2584 petivit,
894 2511 931 2566 ut
957 2501 992 2565 in
1018 2501 1176 2585 sepulcro
1203 2506 1267 2567 suo
1287 2526 1320 2563 20

200 2607 441 2673 inscriberent:

271 2714 291 2742 “
306 2716 565 2800 Epaminondes
598 2723 618 2784 a
649 2718 824 2784 Thebonis
857 2730 968 2785 morte
1001 2720 1170 2786 multetus
1204 2729 1266 2798 est,

201 2824 296 2909 quod
308 2831 368 2891 eos
382 2826 498 2910 coegit
511 2827 603 2910 apud
618 2827 768 2893 Leuctra
783 2835 946 2912 superore
960 2828 1267 2907 Lacedaemonios,

202 2939 291 3017 quos
310 2944 388 3000 ante
409 2940 445 2999 se
466 2934 712 3018 imperotorem
733 2944 838 3003 nemo
861 2938 1078 3003 Boeotorum
1100 2960 1203 3004 ausus
1225 2937 1267 3004 sit

202 3042 353 3126 aspicere
371 3043 406 3108 in
424 3044 508 3121 acie,
527 3045 693 3130 quodque
712 3052 783 3111 [mo
803 3047 935 3130 proelio
955 3053 1026 3112 non
1045 3048 1158 3113 solum
1177 3047 1267 3113 The·
1287 3072 1317 3121 25

201 3152 263 3218 bes
280 3153 323 3219 ab
341 3152 480 3218 interitu
499 3155 653 3232 retrexit,
672 3155 732 3221 sed
751 3154 853 3221 etiam
873 3155 1069 3222 universam
1088 3156 1267 3223 Graeciam

201 3261 236 3326 in
264 3262 461 3329 libertetem
490 3263 677 3329 vindicovit
707 3271 818 3348 eoque
848 3271 901 3329 res
931 3271 1162 3349 utrorumque
1192 3286 1267 3350 per-

202 3370 313 3449 doxit,
335 3382 372 3437 ut
393 3372 551 3437 Theboni
573 3372 731 3456 Spartam
754 3379 1008 3457 oppognerent,
1033 3374 1266 3442 Lacedaemo-

202 3479 249 3543 nii
275 3481 357 3546 satis
383 3482 559 3558 haberent,
586 3487 614 3546 si
640 3483 724 3546 salvi
751 3503 824 3548 esse
851 3493 1006 3564 possent,
1033 3505 1145 3567 neque
1172 3484 1266 3567 prius

201 3586 327 3653 bellore
350 3589 480 3654 destitit
503 3609 608 3672 quam
632 3589 795 3655 Messene
817 3591 976 3657 restittite
1000 3593 1121 3658 urbem
1144 3599 1265 3659 eorum
1285 3620 1319 3669 30

201 3696 382 3762 obsidione
401 3697 555 3762 clausit.''

272 3803 372 3870 Haec
398 3825 478 3870 cum
505 3805 658 3882 dixisset,
687 3812 774 3872 risus
800 3807 959 3876 omnium
987 3829 1067 3879 cum
1096 3809 1265 3881 hilaritate
