3020 4372
216 238 235 305 7
239 240 256 286 2
560 240 750 293 CORNELII
777 239 945 293 NEPOTIS

218 430 280 498 est,
307 430 345 486 ut
368 420 464 485 nullo
488 420 543 485 ille
568 419 769 485 adulescens
794 419 929 503 aequeli
954 418 1153 485 lamilierius
1179 439 1285 504 quam

217 529 283 593 hoc
301 549 393 605 sene,
411 550 524 612 neque
541 528 655 593 solum
673 548 753 593 eum
770 527 963 611 principem
981 527 1114 593 censilii
1132 528 1284 604 haberet,

216 637 277 702 sed
295 636 399 701 etiam
417 636 451 700 in
469 641 642 701 convictu.
686 635 940 720 Exeegitaitum
959 646 1009 701 est
1027 642 1048 700 ai
1065 635 1284 719 quibusdam,

216 756 253 811 ut
268 751 444 829 privetum
458 745 627 813 aeterium
643 744 797 810 Caesaris
812 744 1089 810 interlectoribus
1103 747 1145 811 ab
1163 744 1284 829 equiti-

215 854 279 919 bus
295 853 464 918 Romenis
481 853 759 919 constitueretur.
801 853 842 917 ld
859 853 956 923 facile
972 852 1061 918 effici
1077 848 1180 937 posse
1197 853 1284 919 arbi·
1305 869 1318 918 5

215 967 296 1027 treti
318 972 408 1039 sunt,
432 967 460 1026 si
484 961 655 1045 principes
679 961 753 1026 eius
777 961 907 1026 ordinis
931 962 1097 1045 pecunies
1121 961 1283 1028 contulis-

215 1080 302 1137 sent.
349 1071 470 1154 Itaque
491 1070 682 1154 appelletus
704 1081 756 1136 est
777 1076 799 1135 e
820 1070 859 1136 C.
884 1071 1016 1149 Flevio,
1041 1071 1140 1136 Bruti
1163 1070 1283 1135 famili-

214 1185 274 1257 eri,
292 1179 444 1257 Atticus
463 1191 501 1244 ut
519 1179 592 1244 eius
611 1186 659 1246 rei
677 1185 837 1263 princeps
856 1201 930 1246 esse
949 1181 1077 1246 vellet(

284 1288 331 1353 At
356 1289 422 1366 ille,
445 1294 505 1372 qui
529 1289 642 1355 officia
665 1295 785 1355 amicis
808 1291 1014 1373 praestanda
1037 1290 1110 1355 sine
1133 1287 1283 1355 factione

214 1397 425 1463 existimeret
444 1419 650 1482 semperque
666 1406 687 1464 e
703 1399 828 1464 telibus
845 1406 882 1465 se
900 1400 1051 1465 consiliis
1068 1399 1282 1476 removisset,
1304 1427 1335 1462 ιο

120 1563 121 1566 ,
214 1507 405 1591 respondit:
425 1507 555 1592 siquid
575 1508 704 1574 Brutus
724 1507 767 1574 de
786 1515 855 1574 suis
875 1508 1095 1574 lacultetibus
1114 1513 1166 1574 uti
1185 1507 1282 1573 volu-

215 1616 306 1694 isset,
328 1622 483 1694 usurum,
504 1628 676 1700 quantum
697 1639 757 1683 eae
779 1629 988 1702 paterentur,
1009 1624 1046 1683 se
1067 1638 1180 1701 neque
1202 1638 1282 1682 eum

214 1731 392 1809 quoquam
412 1725 455 1791 de
474 1732 513 1792 ee
531 1733 567 1791 re
586 1727 841 1792 collocuturum
862 1749 975 1812 neque
996 1727 1180 1792 coiturum.
1225 1725 1282 1792 Sic

172 1918 177 1927 ὁ
213 1834 268 1900 ille
287 1834 523 1900 consensionis
542 1836 668 1920 globus
687 1836 790 1902 htiius
809 1842 910 1902 unius
929 1836 1142 1902 dissensione
1162 1835 1282 1901 disiec-

214 1954 269 2008 tus
288 1954 350 2010 est.
394 1943 520 2028 Neque
538 1945 650 2010 multo
669 1956 749 2033 post
769 1945 924 2029 superior
943 1968 1016 2011 esse
1036 1945 1151 2029 coepit
1169 1943 1281 2010 A'nto-
1303 1966 1332 2017 15

214 2052 301 2129 nius,
316 2053 363 2118 ita
376 2064 414 2118 ut
428 2053 558 2119 Brutus
572 2066 605 2120 et
621 2054 759 2120 Cassius
775 2055 902 2120 omissai
918 2061 1000 2120 cure
1014 2053 1281 2139 provincierum

214 2183 301 2245 quae
324 2167 371 2227 eis
395 2162 478 2227 dicis
501 2169 605 2228 cause
628 2164 727 2230 datae
751 2174 847 2229 erant
871 2170 891 2229 e
914 2164 1068 2253 consule,
1093 2164 1281 2246 desperetis

214 2270 315 2335 rebus
335 2270 369 2334 in
391 2255 550 2336 exsilium
571 2272 881 2356 proficiscerentur.
926 2272 1077 2349 Atticus,
1098 2277 1158 2355 qui
1179 2267 1281 2355 pecii-

214 2377 305 2444 niam
331 2379 432 2445 simul
457 2401 537 2445 cum
562 2386 684 2446 ceteris
709 2381 863 2447 conferre
889 2382 1046 2447 noluerat
1073 2380 1209 2445 florenti
1235 2380 1281 2444 illi

214 2494 311 2572 parti,
335 2488 470 2554 abiecto
494 2481 606 2555 ¹Bruto
629 2470 800 2574 italiaque
824 2490 960 2555 cedenti
984 2488 1180 2555 sestertium
1204 2510 1281 2554 cen·
1301 2513 1334 2551 20

214 2607 289 2662 tum
311 2598 404 2664 milia
425 2604 559 2664 muneri
580 2599 685 2664 misit.
734 2599 859 2665 Eidem
883 2599 917 2663 in
940 2580 1049 2682 Epiro
1071 2599 1193 2663 absens
1216 2608 1281 2663 tre-

215 2716 313 2771 centa
335 2706 431 2772 iussit
454 2708 537 2783 dari,
559 2729 672 2791 neque
693 2713 735 2773 eo
758 2707 869 2793 magis
891 2713 1028 2791 potenti
1051 2707 1208 2773 aduletus
1230 2717 1281 2772 est

213 2814 370 2880 Antenio
387 2837 499 2899 neque
515 2817 716 2900 desperatos
733 2816 881 2899 reliquit.

283 2924 348 2990 IX.
366 2924 532 2991 Secutum
548 2938 600 2991 est
615 2926 744 2991 bellum
760 2936 901 3010 gestum
916 2924 1008 3008 apud
1025 2924 1210 2991 Mutinam.
1240 2925 1281 2989 In

213 3039 284 3116 quo
302 3020 482 3099 sitantum
500 3056 581 3100 eum
599 3035 806 3118 prudentem
825 3034 948 3112 dicam,
968 3034 1082 3098 minus
1101 3054 1205 3117 quam
1224 3032 1281 3097 de·
1301 3059 1332 3108 25

214 3143 315 3208 beam
337 3143 543 3226 praedicem,
567 3165 647 3209 eum
670 3145 725 3210 ille
748 3144 863 3227 potius
886 3144 1023 3209 divinus
1046 3143 1158 3220 luerit,
1182 3149 1210 3208 si
1232 3142 1281 3206 di-

213 3251 345 3317 vina'ttie
363 3252 565 3335 appellanda
584 3263 636 3318 est
655 3263 823 3336 perpetua
841 3252 1005 3318 neturelis
1025 3251 1173 3328 bonites,
1193 3269 1281 3335 quae

214 3361 315 3426 nullis
336 3361 471 3426 cesibus
487 3362 644 3460 agitetur
665 3383 777 3445 neque
800 3361 975 3427 minuitur.
1023 3360 1148 3425 Hostis
1170 3359 1281 3424 Anto-

213 3469 290 3535 nius
303 3469 474 3535 iudicetus
491 3471 588 3535 italie
602 3480 768 3548 cesserat;
783 3477 860 3553 spes
874 3469 1077 3536 restituendi
1092 3470 1185 3534 nulla
1199 3477 1279 3534 erat.
1367 3490 1374 3497 ·

215 3576 297 3641 Non
317 3577 430 3643 solum
450 3578 590 3655 inimici,
610 3585 670 3662 qui
690 3589 763 3644 tum
785 3589 881 3644 erant
900 3578 1131 3662 potentissimi
1152 3588 1186 3643 et
1207 3577 1281 3661 plri-
1301 3604 1333 3652 30

214 3685 302 3762 rimi,
326 3686 383 3751 sed
409 3686 511 3751 etiam
535 3694 594 3770 qui
617 3687 819 3752 adverseriis
842 3686 915 3752 eius
940 3693 976 3752 se
999 3686 1223 3752 venditebant
1247 3697 1280 3752 et

214 3792 249 3863 in
274 3800 317 3865 eo
340 3794 509 3865 laedendo
532 3795 681 3885 aliquam
704 3800 954 3867 consecuturos
979 3795 1162 3884 sperabant
1186 3813 1280 3866 com·

1497 1380 1502 1461 l
