3020 4372
194 205 236 275 74
536 206 725 264 CORNELII
754 204 921 262 NEPOTIS

196 402 290 456 tanta
303 390 451 457 'varietes
469 397 517 456 eis
533 390 748 474 temporibus
765 389 829 455 fuit
847 389 1015 466 fortunae,
1034 395 1072 454 ut
1090 388 1197 453 modo
1214 384 1260 461 bi,

196 500 303 565 modo
324 499 371 563 illi
391 500 425 563 in
446 504 584 564 summe
606 509 722 564 essent
743 510 802 563 aut
822 497 961 582 lastigie
982 508 1040 562 aut
1062 496 1262 580 periculi>—

196 608 414 691 habebatque
429 614 547 672 secum
565 607 608 690 Q.
628 606 777 672 Gellium
795 606 942 684 Cenum,
960 606 1141 689 aequelem
1159 604 1262 670 simil-

195 716 385 799 limumque
414 722 476 781 sui.
532 715 613 780 Hec
642 736 783 798 quoque
812 714 921 779 Attici
950 712 1115 780 bonitetis
1145 735 1261 780 exem-

196 825 302 909 plum,
325 825 522 909 quodcum
545 831 598 901 eri,
620 845 726 908 quem
748 845 895 907 puerum
918 824 952 888 in
975 823 1058 888 lude
1081 828 1260 909 cbgnbrat,
1281 840 1294 889 5

195 934 282 998 adee
301 933 484 998 coniuncte
502 934 600 1011 vixit,
620 945 657 997 ut
676 933 718 997 ad
737 939 930 998 extremam
947 939 1096 997 aetetem
1113 931 1261 997 amicitia

195 1049 316 1107 cerum
335 1043 488 1109 creverit.
531 1043 709 1108 Antbnius
727 1054 855 1120 autem,
876 1049 939 1108 etsi
958 1048 1055 1107 tante
1075 1042 1156 1107 odie
1176 1042 1260 1107 lere-

194 1152 295 1217 betur
307 1151 341 1216 in
356 1152 574 1230 Cicerenem,
589 1165 626 1218 ut
640 1159 710 1217 nen
725 1153 837 1217 selum
852 1159 892 1230 ei,
907 1153 1084 1218 sedetiam
1099 1151 1261 1216 omnibus

194 1261 267 1325 eius
297 1267 414 1326 amicis
445 1272 534 1327 esset
565 1261 724 1326 inimicus
755 1268 884 1344 erisque
915 1262 1019 1326 vellet
1049 1260 1260 1344 prescribere

195 1369 312 1434 multis
334 1370 563 1448 hortantibus
587 1382 702 1435 tamen
724 1370 832 1435 Attici
856 1391 992 1436 memor
1012 1369 1076 1434 luit
1099 1369 1203 1434 officii
1227 1379 1260 1434 et
1281 1392 1312 1428 10

195 1485 236 1555 ei,
255 1499 334 1543 cum
352 1485 549 1562 requisisset
569 1480 710 1544 ubinam
729 1491 828 1557 essct,
848 1486 909 1545 sue
928 1484 1032 1544 manu
1052 1477 1198 1560 scripsit,
1217 1483 1261 1542 ne

195 1588 331 1678 timeret
352 1588 537 1673 statimque
558 1589 600 1653 ad
622 1594 658 1654 se
679 1594 826 1654 veniret:
849 1595 885 1654 se
906 1609 987 1653 eum
1008 1599 1042 1653 et
1063 1588 1137 1653 eius
1158 1593 1261 1652 cause

196 1696 332 1762 Cenum
359 1697 401 1762 de
427 1704 701 1781 prescriptbrum
729 1703 876 1763 numere
904 1697 1084 1763 exemisse.
1136 1696 1190 1762 Ac
1217 1701 1261 1761 ne

194 1806 289 1888 quod
315 1807 507 1889 periculum
533 1805 708 1884 incideret,
736 1806 831 1890 quod
858 1811 965 1871 noctu
992 1805 1108 1883 fiebat,
1134 1803 1260 1889 praesi-

193 1914 289 1978 dium
304 1920 335 1980 ei
350 1915 451 1980 misit.
491 1914 548 1980 Sic
562 1914 703 1980 Atticus
718 1915 752 1979 in
768 1921 906 1979 summe
921 1913 1046 1980 timere
1061 1920 1132 1978 nen
1148 1913 1260 1978 selum
1281 1938 1309 1987 ις

194 2022 268 2101 sibi,
290 2023 349 2088 sed
370 2023 475 2088 etiam
496 2029 527 2089 ci
548 2044 652 2107 quem
674 2022 889 2088 cerissimum
911 2023 1068 2099 habebat,
1089 2020 1259 2106 praesidis]

195 2131 268 2208 fuit,
296 2143 333 2196 ut
360 2137 540 2216 appererct
566 2133 696 2197 millam
723 2131 913 2197 seiunctam
941 2131 1004 2197 sibi
1030 2132 1073 2197 ab
1102 2137 1144 2197 ee
1171 2129 1259 2195 velle

194 2240 376 2305 fortunam.
423 2240 530 2324 Quod
551 2246 579 2306 si
600 2242 814 2326 gubemetor
833 2240 1017 2325 praecipue
1038 2240 1138 2306 laude
1160 2238 1259 2305 effer-

193 2362 259 2427 tur,
277 2357 336 2433 qui
353 2357 477 2416 nevem
494 2372 538 2415 ex
555 2349 669 2416 hieme
686 2356 841 2434 marique
856 2350 1042 2434 scopulesri
1060 2359 1181 2427 servat,
1200 2354 1260 2414 cur

194 2464 264 2522 nrin
290 2458 472 2543 singularis
496 2459 570 2524 eius
595 2459 814 2525 existimetur
836 2458 1027 2543 prudentia,
1054 2464 1113 2541 qui
1138 2481 1182 2523 ex
1206 2467 1259 2522 tot
1279 2484 1311 2520 20

194 2576 334 2650 tamque
358 2567 521 2652 gravibus
547 2569 707 2652 procellis
732 2569 888 2634 civilibus
913 2569 955 2634 ad
981 2566 1258 2633 incolumitz'ttem

194 2674 368 2758 pervenit?

263 2783 328 2849 XI.
351 2783 489 2867 Quibus
507 2806 551 2851 ex
571 2787 668 2851 malis
688 2797 725 2852 ut
746 2793 782 2852 se
801 2786 950 2864 emersit,
971 2786 1055 2851 nihil
1075 2786 1167 2851 aliud
1188 2783 1259 2869 egit

194 2912 299 2976 quam
328 2903 365 2957 ut
395 2914 499 2976 quam
527 2894 693 2978 plurimis,
724 2895 849 2978 quibus
878 2896 979 2961 rebus
1008 2906 1138 2979 posset,
1169 2904 1258 2961 esset

193 3002 332 3068 auxilie.
381 3001 471 3068 Cum
494 3010 706 3088 prescriptes
730 3004 889 3089 praemiis
912 3005 1163 3089 impereterum
1187 3004 1259 3070 vul·
1279 3031 1309 3080 25

194 3133 260 3196 gus
286 3119 517 3196 conquireret,
542 3120 647 3179 neme
673 3114 707 3179 in
733 3095 878 3198 Epirum
904 3115 1009 3193 venit,
1035 3115 1090 3180 cui
1116 3120 1169 3179 res
1193 3113 1260 3177 nlla

195 3220 350 3298 defuerit,
380 3222 510 3286 nemini
538 3229 609 3287 nen
639 3223 684 3288 ibi
713 3231 882 3307 perpetue
911 3224 1074 3290 manendi
1104 3228 1259 3307 potestes

193 3330 281 3396 facta
301 3341 367 3409 est;
387 3332 592 3414 quinetiam
612 3342 689 3415 post
710 3333 882 3423 proelium
903 3332 1124 3416 Philippense
1145 3330 1259 3398 interi-

193 3450 337 3522 tumque
353 3438 390 3505 C.
408 3440 516 3506 Cassii
532 3452 566 3506 et
582 3441 632 3506 M.
651 3442 750 3507 Bruti
767 3441 806 3507 L.
825 3442 953 3506 Iiilium
971 3441 1149 3506 Mecillam
1165 3459 1260 3525 prae-

193 3547 322 3612 terium
339 3559 373 3613 et
388 3549 497 3614 filium
513 3549 586 3616 eius
602 3550 803 3633 Aulumque
819 3550 1039 3634 Torquetum
1055 3555 1260 3633 ceteresque
1279 3574 1311 3622 30

194 3661 267 3737 pari
292 3655 433 3722 fortune
459 3659 634 3742 perculsris
659 3658 808 3724 instituit
834 3665 923 3724 tueri
949 3669 1052 3741 atque
1079 3681 1124 3724 ex
1151 3640 1259 3742 Epire

194 3768 241 3827 eis
257 3763 373 3829 omnia
390 3764 663 3831 Samothraciam
680 3772 875 3850 supporteri
891 3767 999 3832 iussit.
1042 3766 1192 3832 Difficile
1210 3776 1260 3832 est
