2992 4358
224 250 263 318 32
512 276 520 291 ·
568 248 759 305 coenatu
786 249 954 305 respons

226 430 295 495 cles
327 429 632 508 animadvertebat,
667 441 785 496 tamen
819 430 992 514 postulata
1026 429 1136 497 lacere
1171 427 1293 509 noluit,

226 540 320 623 quod
346 540 514 605 sentiebat
539 546 575 604 se
598 539 778 605 Alcibiade
803 545 945 622 recepte
970 539 1097 606 nullius
1122 546 1293 606 momenti

224 649 317 732 apud
338 649 533 715 exercitum
553 648 710 714 luterum
731 660 775 727 et,
797 649 927 732 siquid
948 648 1091 714 secundi
1112 649 1292 726 evenisset,

225 759 354 823 nullam
377 758 411 822 in
435 763 474 824 ea
497 764 534 823 re
556 779 653 824 suam
677 768 810 842 partem
831 757 915 835 lore,
940 764 1061 824 contre
1085 780 1134 837 ea,
1159 764 1186 824 si
1209 758 1293 843 quid

225 868 358 933 adversi
379 867 568 945 accidisset,
590 874 627 934 se
648 873 757 933 [mum
778 868 851 933 eius
871 868 986 933 delicti
1006 867 1162 934 luterum
1183 888 1290 934 reum.
1311 885 1326 937 5

224 977 280 1042 Ab
296 977 362 1042 hec
378 977 558 1043 discedens
573 977 770 1043 Alcibiades
787 978 805 1004 ‘⁴
821 977 1032 1062 Quoniam,'’
1050 977 1173 1061 inquit,
1190 977 1209 1003 “
1223 977 1292 1042 vic·

225 1086 333 1152 teriae
351 1086 481 1170 patriae
500 1092 687 1171 repugnem,
707 1086 791 1152 illud
811 1093 951 1165 monce,
972 1094 1016 1152 ne
1035 1087 1133 1152 iuxta}
1153 1088 1292 1152 hostem

223 1207 333 1261 castra
347 1196 638 1275 habeesnautica;
653 1197 845 1282 periculum
861 1209 912 1263 est
928 1197 1032 1275 enim,
1048 1203 1092 1262 ne
1107 1196 1292 1262 immodes-

224 1304 272 1370 tia
295 1306 444 1371 militum
469 1312 668 1372 vestrerum
691 1305 830 1372 occesie
854 1307 956 1372 detur
980 1306 1161 1390 Lysandre
1186 1311 1292 1372 vestri

223 1415 444 1499 opprimendi
471 1415 677 1482 exercitus.''
732 1416 857 1499 Neque
885 1438 925 1482 ea
952 1422 1005 1481 res
1034 1416 1131 1480 illum
1158 1415 1291 1494 fefellit,
1311 1445 1344 1483 ιο

224 1545 303 1590 nam
327 1524 505 1608 Lysander
528 1547 608 1590 cum
631 1547 693 1610 per
715 1526 949 1610 speculateres
972 1525 1197 1609 comperisset
1218 1525 1291 1591 vul-

223 1655 309 1719 gum
329 1634 596 1700 Atheniensium
616 1635 650 1699 in
670 1646 796 1701 terram
816 1626 1020 1719 praeditum
1040 1640 1152 1701 exisse
1171 1639 1292 1700 naves·
1382 1678 1384 1685 ι

224 1765 292 1827 que
320 1764 430 1826 paene
457 1743 576 1809 inanes
604 1745 749 1822 relictas,
778 1755 916 1829 tempus
943 1750 991 1810 rei
1020 1744 1192 1828 gerendae
1219 1748 1291 1808 nen

215 1853 351 1986 Aimisst
365 1859 477 1936 eoque
492 1853 625 1938 impetu
641 1854 770 1919 bellum
786 1860 902 1920 tetum
918 1853 1056 1919 delevit.

293 1962 358 2028 IX.
384 1962 433 2028 At
458 1962 665 2042 Alcibiades,
691 1964 791 2029 victis
817 1962 1088 2029 Atheniensibus
1113 1968 1184 2027 non
1209 1960 1291 2028 satis
1310 1992 1340 2041 ις

222 2077 297 2137 tuta
315 2072 436 2138 eadem
454 2072 528 2138 loca
545 2072 609 2137 sibi
627 2072 807 2151 arbitrans,
825 2071 962 2156 penitus
979 2072 1014 2137 in
1031 2072 1235 2137 Thraeciam
1254 2077 1291 2137 se

223 2188 326 2264 supre
348 2181 598 2265 Propontidem
620 2182 762 2260 abdidit,
784 2188 925 2266 sperens
947 2181 993 2248 ibi
1013 2180 1171 2247 facillime
1192 2201 1290 2247 suam

222 2291 396 2357 lortt'mam
419 2292 531 2357 occuli
553 2313 667 2375 posse.
715 2292 826 2358 Falso.
875 2291 966 2357 Nam
988 2291 1169 2369 Thraeces,
1192 2301 1290 2375 post-

222 2389 326 2486 quam
348 2423 428 2467 eum
450 2422 530 2467 cum
551 2408 680 2488 magne
702 2401 849 2486 pecunie
869 2401 1003 2468 venisse
1025 2407 1216 2478 senserunt,
1237 2406 1290 2465 in-

222 2510 323 2577 sidias
345 2511 501 2577 fecerunt
521 2533 630 2595 eaque
653 2533 742 2596 quae
765 2517 965 2595 apportarat
989 2510 1214 2587 abstulerunt,
1238 2509 1289 2593 ip·
1308 2539 1341 2577 20

221 2640 298 2685 sum
314 2641 438 2704 capere
454 2626 525 2685 non
541 2627 741 2704 potuerunt.
783 2620 845 2686 Ille
862 2626 1005 2685 cernens
1021 2619 1155 2684 nullum
1172 2618 1289 2683 locum

222 2728 285 2793 sibi
308 2735 424 2795 tutum
446 2729 481 2794 in
505 2729 650 2796 Graecia
672 2741 816 2814 propter
837 2728 1029 2814 potentiam
1053 2727 1289 2794 Lacedaemo-

221 2838 359 2904 nierum
379 2839 422 2905 ad
444 2839 706 2906 Pharnabazum
727 2840 762 2904 in
782 2839 902 2905 Asiam
921 2837 1068 2917 transiit,
1089 2858 1193 2922 quem
1214 2835 1289 2922 qui-

219 2948 300 3015 dem
319 2949 406 3015 adeo
426 2971 488 3015 sua
507 2949 597 3034 cepit
617 2950 843 3027 humanitate,
864 2960 903 3016 ut
923 2970 1004 3015 eum
1024 2953 1129 3013 nemo
1149 2945 1184 3011 in
1204 2952 1288 3012 ami-

221 3057 300 3123 citia
329 3069 388 3124 ant
375 3059 559 3125 tecederet
615 3058 777 3141 Namque
807 3064 839 3124 ei
840 3056 1040 3170 Grynium
1070 3055 1262 3134 dederat,
1254 3077 1288 3120 m
1307 3087 1339 3137 ²5

221 3167 374 3252 Phrygia
392 3178 553 3245 castrum,
573 3190 617 3234 ex
637 3174 707 3252 que
727 3141 972 3252 quinqiragena
989 3167 1118 3232 talenta
1135 3176 1214 3232 vect
1215 3171 1289 3250 iga-

220 3276 261 3342 lis
279 3277 445 3360 capiebat
490 3277 571 3362 Qua
590 3278 728 3343 fortuna
748 3277 944 3344 Alcibiades
963 3300 1034 3343 non
1054 3288 1125 3344 erat
1145 3286 1288 3343 conten-

220 3394 276 3450 tus
289 3406 401 3468 neque
415 3384 572 3451 Athenis
587 3385 694 3451 victes
710 3385 995 3452 Lacedaemoniis
1010 3392 1137 3453 servire
1153 3394 1288 3469 poterat

222 3499 302 3576 pati.
356 3493 478 3577 Itaque
505 3494 548 3558 ad
577 3494 722 3578 patriam
750 3495 962 3561 liberandam
991 3501 1087 3560 omni
1116 3494 1289 3561 ferebatur

221 3600 444 3686 cogitatiene.
487 3602 556 3670 Sed
573 3603 712 3669 videbat
729 3602 764 3669 id
781 3605 855 3671 sine
872 3611 955 3688 rege
975 3604 1080 3670 Perse
1097 3610 1168 3669 nen
1187 3624 1288 3687 posse
1307 3635 1341 3683 30

221 3710 304 3789 fieri,
321 3711 472 3796 ideeque
489 3734 569 3779 eum
586 3720 737 3779 amicum
755 3714 817 3779 sibi
834 3714 995 3798 cupiebat
1013 3713 1157 3798 adiungi
1174 3733 1288 3795 neque

221 3818 403 3886 dubitebat
422 3820 519 3888 facile
539 3829 574 3888 se
593 3829 873 3903 consecuturum,
893 3828 921 3889 si
941 3823 1047 3889 modo
1067 3822 1140 3888 eius
1160 3842 1288 3888 conve-
