2992 4358
620 312 623 317 1
646 233 885 291 nicrnrnoss
1258 236 1300 306 ²9

230 436 298 499 que
314 426 452 499 tempus
466 414 539 480 eius
555 415 786 481 interficiundi
802 437 966 499 quaerere
981 415 1214 482 instituerunt.
1256 415 1297 480 Id

230 523 426 590 Alcibiades
443 524 572 590 diutius
589 525 691 590 celari
708 531 779 590 non
795 525 925 610 potuit;
942 536 1015 592 erat
1033 525 1125 592 enirn
1144 531 1185 591 ea
1200 531 1298 610 saga-

231 635 347 713 citate,
371 644 409 700 ut
433 634 546 719 decipi
568 641 639 700 nun
664 646 791 719 posset,
815 636 1014 720 praesertim
1038 656 1118 701 curn
1142 635 1297 700 animum

229 744 430 811 attendisset
459 745 502 810 ad
533 745 735 811 cavendum.
793 745 914 829 Itaque
944 745 987 811 ad
1018 744 1296 829 Tissaphernem,
1314 813 1345 855 h

194 864 208 915 5
230 853 442 938 praelectum
462 853 554 938 regis
572 854 689 931 Darei,
709 860 745 919 se
764 853 921 920 contulit.
966 854 1074 921 Cuius
1093 875 1173 943 cum
1193 854 1228 918 in
1248 854 1297 918 in·
1362 840 1378 879 '⁵

230 964 351 1027 timam
381 963 569 1029 amicitiam
600 954 813 1047 pervenisset
844 974 878 1029 et
909 962 1175 1058 Atheniensium
1208 963 1297 1030 male

229 1078 338 1157 gestis
357 1072 392 1136 in
413 1072 529 1138 Sicilia
548 1073 651 1138 rebus
669 1079 754 1166 opes
774 1079 961 1151 senescere,
983 1079 1105 1139 contra
1126 1072 1297 1138 Lacedae·

229 1181 429 1248 moniurum
450 1189 603 1273 crescere
623 1182 766 1260 videret,
787 1181 886 1248 initio
907 1203 987 1248 cum
1011 1181 1178 1249 Pisandro
1199 1202 1296 1267 prae-

229 1296 316 1367 tore,
341 1297 400 1373 qui
422 1290 514 1374 apud
539 1290 683 1357 Samum
708 1291 901 1358 exercitum
924 1292 1083 1370 habebat,
1107 1313 1169 1376 per
1193 1293 1297 1357 inter-

179 1421 211 1459 ro
229 1400 370 1466 nuntios
393 1401 605 1485 colloquitur
625 1411 658 1467 et
681 1400 725 1467 de
746 1401 858 1467 reditu
880 1407 944 1467 suu
967 1401 1048 1468 facit
1071 1402 1295 1468 mentiunem.

229 1619 296 1685 tiae
315 1625 387 1684 nun
406 1626 538 1685 amicus
559 1619 838 1703 et'optimatium
859 1620 981 1688 fautor.
1026 1620 1083 1689 Ab
1105 1621 1173 1687 huc
1194 1620 1296 1687 desti-

229 1734 326 1795 tutus
346 1735 496 1812 primum
516 1751 578 1814 per
597 1729 863 1815 Thrasybulum,
885 1730 972 1815 Lyci
991 1729 1113 1809 filiurn,
1134 1731 1177 1796 ab
1199 1751 1296 1797 exer-

229 1838 300 1904 citu
319 1837 483 1922 recipitur
500 1849 707 1922 praetorque
727 1820 773 1904 ht
785 1838 877 1923 apud
896 1838 1054 1917 Samum3
1075 1850 1155 1923 post
1175 1838 1296 1905 suflra-

179 1974 208 2024 15
228 1958 332 2033 gante
371 1948 590 2033 Theramene
631 1949 752 2032 populi
791 1955 881 2015 scitu
922 1949 1113 2015 restituitur
1153 1956 1296 2034 parique

227 2058 350 2123 absens
378 2057 523 2142 imperio
551 2057 749 2143 praeficitur
775 2058 877 2125 simul
906 2080 987 2125 cum
1015 2058 1234 2144 Thrasybulo
1263 2069 1297 2125 et

228 2166 455 2233 Theramene.

298 2276 439 2343 Horum
462 2276 497 2343 in
522 2277 667 2363 imperia
692 2288 787 2345 tanta
812 2277 1043 2346 commutatiu
1068 2284 1183 2344 rerum
1208 2277 1297 2344 lacta
1380 2329 1384 2336 .

149 2443 152 2449 .
230 2397 292 2465 est,
317 2398 356 2453 ut
381 2387 661 2477 Lacedaemonii,
685 2394 745 2473 qui
769 2389 873 2474 paulu
898 2399 979 2455 ante
1003 2389 1152 2454 victores
1176 2388 1296 2473 vigue-

177 2520 210 2561 ro
228 2506 315 2574 rant,
331 2497 501 2581 perterriti
516 2504 639 2582 pacem
655 2507 825 2582 peterent.
865 2498 960 2564 Victi
976 2499 1068 2564 enirn
1085 2509 1181 2564 erant
1197 2503 1296 2583 quin-

228 2628 297 2689 que
324 2606 463 2690 proeliis
492 2607 721 2685 terrestribus,
751 2608 860 2673 tribus
888 2608 1077 2685 navalibus,
1106 2607 1141 2672 in
1170 2607 1295 2691 quibus

228 2716 394 2783 ducentas
411 2723 516 2782 naves
533 2719 688 2784 triremes
706 2724 900 2796 amiserant,
919 2739 1007 2802 quae
1026 2729 1145 2801 captae
1164 2717 1198 2782 in
1216 2717 1296 2783 hos·

228 2826 316 2892 tium
335 2816 499 2893 venerant
520 2834 741 2911 potestatem.
785 2827 982 2893 Alcibiades
1003 2827 1105 2912 simul
1125 2847 1206 2893 curn
1226 2827 1295 2892 col-

228 2936 315 3019 legis
336 2941 513 3019 receperat
537 2936 683 3014 Iuniam,
708 2936 990 3020 Hellespontum,
1013 2937 1139 3002 multas
1162 2946 1296 3020 praete-

176 3066 208 3116 25
229 3051 288 3111 rea
311 3048 414 3111 urbes
440 3045 598 3122 Graecas,
624 3068 712 3130 quae
738 3046 773 3111 in
797 3052 857 3112 ura
882 3046 966 3112 sitae
992 3056 1071 3112 sunt
1096 3045 1294 3122 Thraeciae,

229 3160 376 3238 quarum
409 3160 652 3240 expugnarant
684 3156 891 3239 complures,
926 3155 959 3219 in
993 3161 1042 3221 eis
1077 3154 1294 3239 Byzantium,

229 3285 342 3348 neque
358 3264 472 3330 minus
488 3265 614 3331 multas
632 3265 776 3331 censiliu
793 3265 835 3330 ad
852 3264 1039 3331 amicitiam
1056 3264 1295 3339 adiunxerant,

228 3374 323 3458 quod
339 3374 511 3458 incaptus
527 3375 710 3441 clementia
726 3375 861 3441 fuerant
878 3380 939 3440 usi.
980 3374 1033 3439 Ita
1049 3373 1175 3458 praeda
1191 3393 1296 3439 onus-

229 3487 266 3559 ti,
287 3482 498 3565 locupletatu
519 3482 685 3561 exercitu,
706 3481 868 3548 maximis
888 3483 990 3548 rebus
1011 3488 1118 3568 gestis
1139 3482 1295 3548 Athenas

177 3614 211 3664 30
228 3596 407 3656 venerunt.

298 3699 361 3765 VI.
388 3700 456 3765 His
479 3720 559 3766 cum
583 3700 723 3766 obviam
747 3699 905 3767 universa
929 3699 1049 3766 civitas
1073 3700 1108 3765 in
1133 3700 1295 3765 Piraeum

229 3796 472 3886 descendisset,
505 3819 599 3875 tanta
630 3810 693 3876 fuit
725 3810 882 3877 omniurn
915 3809 1131 3895 exspectatio
1164 3808 1296 3876 visendi
