3020 4372
665 235 839 300 Amicus
1247 239 1289 312 79

220 424 303 492 nihil
320 424 354 492 in
372 428 420 492 eis
436 429 508 491 non
524 431 686 510 appareat
705 437 738 491 et
756 425 854 491 facile
873 425 1063 490 existimari
1080 423 1189 508 possit
1206 428 1286 506 prir-

219 535 371 603 dentiam
391 536 544 620 quodam
563 536 670 600 modo
691 556 765 600 esse
786 534 1045 600 divinationem.
1092 534 1174 599 Non
1194 533 1285 600 enirn

220 640 342 710 ¹Cicero
363 666 402 711 ea
421 644 545 721 solum,
565 664 653 727 quae
673 648 753 708 vivo
773 648 809 708 se
827 642 1037 719 acciderunt,
1057 642 1172 707 furora
1191 662 1286 725 prae·

218 752 317 830 dixit,
331 753 390 817 sed
404 752 519 829 etiam,
533 772 621 835 quae
634 772 726 815 nunc
740 755 806 815 risu
820 750 974 828 veniunt,
989 749 1112 816 cecinit
1125 759 1163 815 ut
1178 755 1284 815 vates,

181 878 196 928 5
289 860 411 927 XVII.
440 861 496 926 De
519 860 649 944 pietate
674 869 793 926 autem
820 858 930 924 Attici
957 858 1040 942 quid
1067 858 1164 942 plura
1190 879 1285 923 com-

218 969 430 1035 memorem?
472 969 562 1036 Cum
580 969 647 1034 hoc
665 969 780 1052 ipsum
797 973 877 1033 vere
895 967 1103 1052 gloriantem
1119 967 1285 1032 audierim

218 1078 252 1142 in
265 1079 384 1145 funere
398 1079 517 1143 matris
531 1100 623 1155 suae,
638 1099 742 1163 quarn
757 1078 883 1144 extulit
896 1083 1068 1142 annorum
1082 1075 1285 1159 nonaginta,

218 1207 298 1251 cum
318 1187 391 1270 ipse
410 1197 499 1252 esset
519 1198 652 1271 septem
673 1197 707 1254 et
726 1186 919 1271 sexaginta,
938 1192 974 1253 se
994 1205 1185 1268 numquam
1205 1203 1285 1249 cum

217 1301 327 1361 matre
347 1296 381 1359 in
401 1296 549 1380 gratiam
569 1297 706 1373 redisse,
728 1316 920 1379 numquam
941 1314 1021 1359 cum
1041 1299 1160 1359 sorore
1180 1291 1284 1357 luisse

165 1434 198 1471 10
218 1403 251 1467 in
267 1403 452 1480 simultate,
469 1425 573 1487 quam
589 1425 697 1488 prope
713 1405 893 1487 aequalem
909 1403 1067 1469 habebat.
1109 1401 1217 1486 Quod
1234 1410 1284 1466 est

218 1517 357 1596 signum
373 1523 432 1578 aut
449 1513 578 1579 nullam
596 1534 762 1597 umquam
780 1513 868 1579 inter
886 1518 946 1579 eos
964 1510 1216 1596 querimoniam
1236 1509 1284 1573 in-

218 1621 424 1700 tercessisse,
444 1632 504 1687 aut
525 1621 617 1687 hunc
639 1628 678 1688 ea
700 1622 804 1687 luisse
825 1621 860 1687 in
882 1627 964 1687 suos
986 1618 1213 1705 indulgentia,
1235 1628 1283 1695 ut,

217 1736 306 1813 quos
321 1736 435 1796 amare
451 1730 603 1808 deberet,
619 1736 719 1796 irasci
737 1737 785 1796 eis
801 1730 898 1796 nefas
914 1729 1064 1796 duceret.
1107 1728 1232 1811 Neque
1250 1727 1284 1793 id

217 1837 297 1903 lecit
317 1843 442 1903 natura
462 1840 586 1916 solum,
606 1860 818 1922 quamquam
837 1845 959 1904 omnes
979 1845 1009 1905 ei
1030 1843 1202 1923 paremus,
1224 1837 1283 1902 sed

164 1978 194 2028 15
216 1947 320 2011 etiam
337 1946 509 2026 doctrina;
527 1969 606 2012 narn
624 1948 819 2032 principum
838 1947 1127 2032 philosophorum
1145 1947 1191 2012 ita
1209 1966 1284 2031 per-

217 2066 319 2138 cepta
338 2056 456 2121 habuit
476 2067 669 2141 praecepta,
690 2068 728 2122 ut
749 2064 798 2124 eis
818 2058 860 2123 ad
881 2063 988 2124 vitam
1007 2057 1190 2142 agendam,
1212 2061 1284 2121 non

216 2164 259 2229 ad
282 2164 553 2231 ostentationem
575 2171 741 2232 uteretur.

285 2272 427 2340 XVIII.
462 2274 572 2339 Moris
604 2275 707 2341 etiarn
738 2274 910 2341 maiorum
941 2295 1099 2341 summus
1131 2273 1284 2340 imitator

216 2381 280 2447 luit
302 2382 585 2467 antiquitatisque
609 2389 754 2461 amator,
779 2405 882 2467 quam
906 2384 993 2450 adeo
1017 2384 1202 2469 diligenter
1225 2384 1283 2447 ha-

161 2521 195 2559 20
215 2490 291 2556 buit
306 2492 494 2575 cognitam,
508 2503 546 2557 ut
560 2513 636 2559 eam
651 2498 762 2558 totam
777 2493 811 2557 in
826 2500 869 2559 eo
881 2494 1057 2559 volamine
1072 2494 1282 2575 exposuerit,

216 2606 287 2683 quo
305 2600 527 2685 magistratus
546 2601 727 2667 ordinavit.
772 2602 877 2667 Nulla
894 2603 986 2668 enirn
1005 2604 1061 2669 lex
1081 2623 1194 2686 neque
1213 2608 1283 2685 pax

216 2729 330 2791 neque
356 2709 485 2775 bellum
511 2731 624 2794 neque
650 2716 704 2776 res
730 2711 869 2777 illustris
895 2722 947 2778 est
973 2712 1093 2796 populi
1120 2711 1282 2786 Romani,

216 2838 304 2901 quae
324 2823 395 2882 non
415 2818 450 2882 in
471 2824 514 2884 eo
534 2825 598 2884 suo
618 2830 775 2904 tempore
796 2821 839 2887 sit
859 2828 990 2898 notata,
1012 2832 1057 2900 et,
1079 2821 1173 2905 quod
1195 2821 1282 2886 diffi-

215 2926 381 2992 cillimum
399 2926 474 3005 fuit,
493 2933 541 2993 sic
559 2927 764 2994 familiarum
781 2930 953 3014 originem
971 2931 1160 3009 subtexuit,
1179 2941 1218 2995 ut
1238 2952 1283 2995 ex

161 3065 192 3114 25
215 3042 257 3101 eo
275 3036 447 3101 clarorum
465 3036 618 3102 virorum
637 3038 846 3123 propagines
864 3045 1037 3122 possimus
1056 3045 1280 3123 cognoscere.

217 3144 313 3209 Fecit
338 3145 405 3210 hoc
430 3145 521 3211 idem
546 3148 729 3231 separatim
754 3149 788 3212 in
813 3147 885 3213 aliis
910 3148 1014 3225 libris,
1040 3160 1078 3213 ut
1104 3149 1154 3213 M.
1182 3148 1282 3211 Bruti

212 3259 338 3337 rogatu
355 3254 490 3319 Iuniam
506 3254 668 3321 familiam
682 3261 702 3321 a
716 3255 822 3339 stirpe
836 3256 879 3322 ad
894 3257 982 3321 hanc
996 3262 1146 3322 aetatem
1160 3255 1281 3321 ordine

215 3364 478 3440 enumeraverit,
503 3370 630 3430 notans
655 3364 731 3448 quis
756 3371 775 3429 a
800 3371 871 3447 quo
896 3376 993 3431 ortus
1018 3371 1106 3448 quos
1131 3360 1281 3429 honores

215 3472 411 3557 quibusque
442 3472 657 3557 temporibus
688 3472 848 3557 cepisset3
880 3480 953 3557 pari
984 3473 1091 3540 modo
1124 3473 1283 3539 Marcelli

161 3612 194 3661 30
215 3580 350 3647 Claudii
366 3581 625 3659 Marcellorum,
644 3581 815 3665 Scipionis
832 3581 984 3649 Cornelii
1001 3593 1035 3648 et
1053 3582 1151 3647 Fabii
1167 3581 1282 3647 Maxi-

214 3696 263 3754 mi
276 3689 463 3755 Fabiorum
478 3701 511 3756 et
526 3689 766 3756 Aemiliorum.
807 3689 944 3774 Quibus
959 3690 1052 3756 libris
1067 3689 1150 3754 nihil
1166 3700 1282 3775 potest

216 3821 291 3866 esse
313 3799 447 3865 dulcius
470 3804 517 3865 eis
539 3805 599 3883 qui
621 3799 770 3883 aliquam
793 3798 1019 3883 cupiditatem
1041 3799 1169 3865 habent
1192 3798 1282 3865 noti·
