3020 4372
217 216 257 297 78
562 230 751 285 corenam
778 232 946 285 neporus

219 411 295 476 niae
316 411 444 477 reditus
465 411 646 477 constabat
668 412 702 475 in
725 394 911 495 Epiroticis
934 423 967 477 et
990 412 1129 476 urbanis
1150 431 1285 494 posses-

219 520 382 585 sionibus.
426 521 482 584 Ex
498 526 569 605 quo
585 526 752 605 cognosci
769 531 883 604 potest
901 527 1003 585 risum
1021 541 1101 586 eum
1120 518 1286 602 pecuniae

176 683 179 688 ,
219 635 290 693 non
307 629 561 714 magnitudine,
579 630 638 694 sed
657 630 789 695 ratione
808 636 919 695 metiri
938 629 1090 694 solitum.

289 737 370 802 XV.
390 737 614 802 Mendacium
632 759 746 820 neque
765 737 899 803 dicebat
916 758 1029 820 neque
1048 743 1119 820 pati
1137 746 1283 820 poterat.

220 846 342 929 Itaque
358 846 431 910 eius
448 846 594 911 comites
612 853 683 911 nen
699 847 771 912 sine
790 847 972 912 severitate
990 858 1060 912 erat
1078 867 1192 929 neque
1209 866 1286 930 gra·
1306 863 1319 911 5

219 955 306 1021 vites
331 954 404 1020 sine
428 955 601 1032 facilitate,
627 966 665 1020 ut
690 955 827 1021 difficile
852 965 941 1021 esset
966 956 1143 1021 intellectu
1169 966 1285 1021 utrum

220 1084 301 1129 eum
327 1069 429 1128 amici
455 1064 565 1148 magis
592 1071 795 1130 vererentur
819 1086 863 1129 an
889 1072 1052 1130 amerent.
1105 1063 1285 1149 Quidquid

219 1172 418 1256 rogabatur,
447 1172 606 1256 religiose
634 1173 870 1255 promittebat,
898 1173 993 1256 quod
1020 1179 1091 1238 non
1119 1174 1284 1250 liberales,

219 1281 279 1347 sed
295 1281 388 1347 leves
403 1282 632 1347 arbitrabatur
648 1282 801 1365 polliceri
818 1283 913 1365 quod
931 1294 1103 1366 praestare
1119 1289 1190 1348 non
1207 1303 1286 1366 pos·

219 1404 306 1459 sent.
345 1373 446 1458 idem
462 1392 496 1456 in
511 1392 662 1457 tenendo
677 1392 773 1476 quod
790 1394 895 1458 semel
912 1394 1086 1458 annuisset
1102 1400 1199 1458 tante
1215 1401 1285 1458 erat
1307 1421 1337 1456 10

220 1508 312 1579 cura,
329 1506 453 1568 utnon
470 1501 680 1579 mandatam,
698 1502 758 1566 sed
776 1523 873 1566 suam
891 1523 963 1567 rem
980 1503 1155 1567 videretur
1171 1522 1284 1586 agere.

221 1610 425 1695 Numquam
448 1618 600 1696 suscepti
623 1612 756 1697 negotii
779 1634 858 1678 eum
882 1624 1076 1696 pertaesum
1100 1624 1166 1690 est;
1189 1631 1285 1676 suam

221 1721 313 1786 enim
339 1721 633 1787 existimationem
660 1723 694 1786 in
720 1729 759 1788 ea
783 1730 819 1788 re
845 1729 903 1807 agi
928 1723 1082 1806 putabat,
1109 1728 1178 1806 que
1203 1719 1286 1785 nihil

218 1831 363 1896 habebat
386 1830 506 1896 carius,
554 1830 638 1915 Quo
660 1831 764 1897 fiebat
788 1843 825 1897 ut
848 1833 966 1898 omnia
989 1831 1210 1908 Ciceronum,
1234 1828 1284 1893 M.

220 1937 374 2017 Catonis,
392 1940 437 2024 Q.
457 1941 651 2020 Hortensii,
667 1940 710 2005 Α.
730 1941 911 2025 Torquati,
930 1941 1120 2006 multorum
1138 1951 1288 2022 praeter·
1309 1966 1337 2013 15

218 2056 259 2116 ea
278 2051 434 2135 equitum
455 2051 697 2117 Romanorum
717 2051 860 2136 negritia
879 2056 1092 2135 precureret.
1138 2049 1286 2129 Exque

221 2160 363 2225 iudicari
379 2171 495 2245 potest
510 2167 581 2226 noir
598 2161 728 2239 inertia,
745 2162 805 2227 sed
822 2161 950 2226 iudicio
967 2159 1097 2244 fugisse
1114 2164 1161 2223 rei
1176 2153 1287 2241 publi-

221 2291 280 2336 cae
297 2271 586 2354 procurationem.

291 2378 392 2445 XVI.
411 2379 651 2446 Humanitatis
668 2386 751 2446 vere
770 2379 903 2444 nullum
922 2377 1044 2443 afferre
1063 2377 1173 2441 maius
1192 2373 1288 2440 testi·

221 2487 379 2553 monium
411 2509 564 2570 possum,
596 2509 700 2572 quam
732 2489 827 2572 quod
860 2488 1060 2553 adulescens
1090 2485 1183 2550 idem
1216 2488 1288 2548 seni
1307 2505 1339 2542 20

222 2596 335 2663 Sullae
354 2596 417 2662 luit
436 2597 713 2674 iucundissimus,
734 2620 842 2663 senex
861 2597 1074 2662 adulescenti
1094 2595 1143 2659 M.
1166 2593 1287 2666 Bruto,

222 2727 302 2770 cum
324 2705 525 2789 aequalibus
546 2717 663 2771 autem
685 2713 755 2771 suis
777 2705 821 2790 Q
847 2705 1040 2771 Hortensio
1063 2714 1095 2769 et
1119 2702 1169 2767 M.
1192 2701 1288 2767 Cice·

222 2821 306 2880 rone
329 2821 377 2879 sic
399 2813 496 2891 vixit,
520 2824 558 2879 ut
581 2814 731 2880 iudicare
755 2814 892 2880 difficile
916 2815 958 2879 sit
982 2813 1037 2878 cui
1060 2817 1165 2877 aetati
1187 2809 1288 2875 fuerit

221 2923 427 3005 aptissimus,
470 2923 694 3007 Quamquam
713 2944 793 2989 eum
812 2923 995 3007 praecipue
1013 2921 1135 2987 dilexit
1156 2919 1288 2995 Cicere,

223 3042 262 3097 ut
281 3038 325 3097 ne
345 3032 450 3097 irater
469 3033 611 3117 quidem
633 3039 664 3098 ei
685 3032 840 3117 Quintus
861 3033 972 3098 carior
991 3031 1092 3096 luerit
1112 3040 1172 3095 aut
1192 3026 1289 3092 lami·
1308 3048 1339 3098 25

223 3141 346 3206 lierior.
390 3142 433 3205 Ei
450 3147 498 3207 rei
515 3152 594 3207 sunt
613 3141 740 3206 indicio
758 3152 892 3226 praeter
911 3147 971 3207 eos
990 3141 1094 3205 libres
1111 3139 1146 3203 in
1164 3137 1290 3222 quibus
1309 3186 1312 3190 ,

222 3250 266 3315 de
280 3256 322 3315 eo
337 3250 416 3315 lacit
431 3252 656 3328 mentionem,
672 3257 731 3333 qui
746 3250 780 3314 in
794 3251 920 3334 vulgus
935 3259 1013 3315 sunt
1029 3247 1122 3325 editi,
1139 3245 1290 3313 sedecim

194 3398 200 3429 ι
223 3358 400 3424 volumina
422 3358 657 3442 epistularum,
678 3360 719 3424 ab
740 3360 921 3424 consulatu
941 3358 1014 3423 eius
1035 3364 1145 3440 usque
1167 3356 1210 3421 ad
1231 3377 1290 3419 ex-

223 3473 373 3532 tremum
393 3479 533 3551 tempus
550 3468 592 3532 ad
610 3467 767 3532 Atticum
786 3466 982 3540 missarum;
1002 3486 1089 3548 quae
1109 3470 1168 3547 qui
1187 3465 1289 3547 legat,

223 3581 295 3639 non
309 3575 457 3640 multum
473 3575 642 3640 desideret
657 3576 835 3640 historiam
851 3584 1051 3640 contextam
1068 3580 1188 3639 eorum
1205 3583 1290 3638 tem·
1305 3596 1343 3646 '30

226 3701 360 3764 porum.
410 3680 466 3746 Sic
493 3681 586 3746 enim
612 3682 729 3746 omnia
752 3682 795 3746 de
820 3680 941 3746 studiis
966 3680 1173 3764 principum,
1199 3677 1291 3744 vitiis

226 3786 366 3866 ducum,
392 3787 643 3854 mutationibus
668 3788 898 3873 reipublicae
924 3794 1112 3873 perscripta
1137 3797 1227 3865 sunt,
1253 3795 1292 3852 ut
