3020 4372
575 967 641 1032 XI.
675 966 951 1034 HAMILCAR

301 1152 328 1218 I.
358 1150 546 1230 Hamilcar,
575 1152 781 1218 Hannibalis
807 1153 908 1231 filius,
938 1153 1149 1238 cegnemine
1178 1153 1296 1230 Barca,

232 1260 539 1345 Carthaginiensis,
562 1267 675 1344 prima
698 1261 852 1328 Poenica
875 1262 977 1340 bella,
999 1263 1060 1328 sed
1082 1262 1297 1346 temporibus

232 1375 407 1447 extremis,
429 1369 620 1434 admodum
644 1370 921 1436 adulescentulus
944 1371 979 1435 in
1003 1370 1119 1437 Sicilia
1142 1391 1298 1455 praeesse

232 1477 347 1561 coepit
367 1477 543 1543 exercitui.
588 1476 678 1543 Cum
698 1489 778 1544 ante
799 1479 873 1544 eius
893 1479 1081 1545 adventum
1104 1491 1138 1546 et
1159 1486 1243 1544 mari
1264 1487 1298 1544 et

232 1592 322 1651 terra
346 1587 435 1652 male
459 1592 512 1651 res
536 1596 740 1671 gererentur
765 1586 1115 1672 Carthaginiensium,
1142 1587 1214 1671 ipse
1239 1586 1331 1654 ubis

231 1693 341 1772 affuit,
374 1715 565 1778 numquam
596 1696 690 1761 hosti
722 1696 824 1785 cessit
856 1718 970 1781 neque
1001 1698 1117 1762 locum
1150 1696 1298 1762 nocendi

232 1802 339 1881 dedit,
366 1824 539 1888 saepeque
565 1810 585 1869 e
611 1804 784 1871 contrarie
812 1805 996 1871 occasiene
1022 1806 1102 1871 data
1128 1803 1298 1871 lacessivit

232 1932 436 1997 semperque
460 1912 618 1996 superior
638 1914 803 1980 discessit.
852 1915 936 1999 Qua
959 1915 1062 1993 facte,
1087 1935 1167 1980 cum
1191 1934 1298 1998 paene

232 2021 351 2087 omnia
370 2022 405 2086 in
426 2020 541 2088 Sicilia
564 2023 675 2089 Poeni
696 2024 900 2102 amisissent,
922 2024 977 2090 ille
1000 2024 1149 2108 Erycem
1171 2030 1219 2089 sic
1241 2022 1298 2088 de-

232 2129 350 2208 lendit,
374 2141 412 2195 ut
434 2130 631 2197 bellum'ee
654 2132 732 2197 loca
755 2143 895 2217 gestum
918 2139 989 2198 nen
1010 2132 1193 2198 videretur.
1242 2132 1298 2196 ln·
1318 2149 1351 2187 10

232 2239 332 2306 terim
351 2238 654 2324 Carthaginienses
671 2240 777 2305 classe
794 2242 885 2324 apud
901 2241 1029 2306 insulas
1046 2241 1203 2325 Aegates
1220 2247 1240 2306 a
1259 2239 1297 2306 C.

232 2347 386 2425 Lutatii),
404 2348 546 2414 censule
564 2348 818 2426 Remanarum,
836 2355 987 2433 superati
1006 2355 1202 2414 statuerunt
1219 2348 1300 2415 belli

231 2456 343 2522 lacere
363 2456 469 2522 finem
490 2477 635 2540 eamque
656 2476 729 2522 rem
750 2457 891 2523 arbitria
912 2464 1142 2542 permiserunt
1164 2458 1298 2523 Hamil-

231 2565 325 2631 caris
366 2565 429 2631 llle
445 2571 508 2631 etsi
524 2565 690 2650 flagrabat
706 2566 855 2631 bellandi
870 2566 1070 2651 cupiditate,
1088 2576 1205 2633 tamen
1222 2572 1299 2650 paci

232 2673 453 2740 serviendum
474 2672 619 2758 putavit,
641 2674 736 2759 quod
758 2675 904 2758 patriam
925 2675 1132 2741 exhaustam
1155 2673 1348 2757 sumpti-15

232 2783 296 2849 bus
316 2782 445 2848 diritius
466 2783 679 2850 calamitates
700 2784 780 2850 belli
801 2784 887 2850 ferre
909 2788 980 2849 nan
1001 2805 1103 2867 posse
1122 2783 1298 2867 intellege-

232 2890 301 2969 bat,
322 2891 381 2957 sed
401 2892 449 2957 ita
467 2902 505 2957 ut
526 2892 642 2958 statim
662 2904 779 2959 mente
799 2893 960 2978 agitaret,
981 2898 1009 2957 si
1029 2892 1170 2975 paulum
1192 2892 1299 2957 modo

232 3007 285 3066 res
301 3010 416 3067 essent
432 3001 589 3080 relectae,
605 3002 734 3067 bellum
749 3009 916 3068 renovare
933 3002 1183 3085 Remanasque
1197 3007 1299 3067 armis

233 3115 402 3192 persequi,
420 3109 585 3174 danicum
602 3121 662 3175 aut
678 3110 805 3176 virtute
823 3109 983 3176 vicissent
1001 3120 1059 3175 aut
1076 3109 1162 3175 victi
1178 3115 1300 3174 maniis

233 3218 416 3284 dedissent.
474 3217 556 3283 Hac
590 3218 734 3284 cansilia
766 3225 889 3302 pacem
922 3217 1128 3295 conciliavit,
1162 3219 1196 3282 in
1228 3223 1299 3302 que
1319 3243 1351 3282 20

234 3333 328 3392 tanta
353 3325 416 3392 luit
442 3325 580 3403 feracia,
605 3347 685 3391 cum
710 3326 855 3392 Catulus
879 3333 1024 3411 negaret
1049 3327 1179 3393 bellum
1205 3346 1299 3392 com-

234 3434 440 3518 positarum,
469 3435 533 3500 nisi
561 3435 616 3500 ille
644 3455 723 3500 cum
752 3441 832 3512 suis,
861 3441 921 3518 qui
950 3436 1101 3519 Erycem
1130 3441 1298 3511 tenerent,

232 3549 334 3608 armis
352 3544 478 3609 relictis
497 3543 612 3610 Sicilia
629 3543 846 3621 decederent,
865 3555 904 3609 ut
922 3545 1171 3611 succumbente
1191 3542 1301 3628 patria

234 3651 306 3735 ipse
328 3652 519 3735 peritarum
540 3657 576 3716 se
597 3650 714 3734 potius
735 3651 870 3728 dixerit,
893 3673 997 3735 quam
1018 3672 1097 3717 cum
1120 3660 1219 3719 tante
1241 3652 1300 3718 fla-

235 3759 322 3856 gitia
339 3759 484 3824 domum
501 3760 629 3825 rediret
636 3781 644 3838 ;
661 3766 733 3836 nan
750 3760 841 3840 enim
859 3781 941 3838 suae
959 3781 1032 3839 esse
1051 3759 1189 3838 vittatis
1207 3782 1300 3840 arma
1321 3785 1352 3847 ²⁵

429 3874 461 3941 54
