2992 4358
616 223 922 280 THEMISTOCLES
1268 225 1304 291 13

236 403 514 483 Atheniensium,
536 410 687 488 primum
708 404 801 489 apud
822 405 1052 471 Artemisium
1075 405 1163 470 inter
1185 405 1303 474 Eubo-

237 538 313 582 eam
331 516 641 600 continentemque
660 527 787 581 terram
806 537 886 581 cum
903 516 1081 582 classieriIs
1100 515 1203 601 regiis
1222 522 1304 581 cen·

237 626 339 691 flixit,
371 625 564 710 Angusties
578 624 670 690 enim
684 625 936 691 Themistocles
950 625 1145 708 quaerebat,
1159 631 1203 690 ne
1216 625 1304 688 mul-

237 734 384 800 titedine
404 734 651 800 circumiretur.
697 733 791 799 Hinc
811 739 875 799 etsi
895 739 968 817 pari
988 732 1119 817 proelie
1140 732 1304 798 discesse-

200 849 213 899 5
237 854 321 922 rant,
345 854 463 910 tamen
486 844 612 911 eedem
634 845 713 910 loce
737 850 808 908 nen
832 854 912 910 sunt
935 849 1010 909 ausi
1031 832 1181 920 manere,
1207 841 1303 926 quod

238 953 520 1035 erat‘periculum
542 959 597 1029 ne,
620 958 648 1017 si
670 973 747 1036 pars
770 951 911 1017 naevium
933 951 1209 1017 adverserierum
1232 952 1303 1015 Eu-

235 1061 359 1126 boeam
377 1067 581 1144 superesset,
599 1061 739 1144 ancipiti
756 1072 997 1144 premerentur
1012 1059 1176 1144 pericule.
1219 1058 1303 1144 Que

236 1169 366 1235 lactum
386 1181 437 1236 est
456 1180 494 1236 ut
513 1171 556 1235 ab
575 1169 765 1237 Artemisie
785 1170 1001 1236 discederent
1020 1181 1054 1236 et
1074 1169 1302 1235 exadversum

234 1279 391 1345 Athenes
409 1279 501 1363 apud
520 1279 692 1346 Salamina
711 1281 856 1346 classem
875 1301 973 1345 suam
992 1279 1255 1345 censtituerent.

182 1407 215 1448 10
304 1389 366 1456 IV.
380 1390 429 1455 At
445 1389 581 1456 Xerxes
594 1390 837 1474 Thermopylis
850 1394 1063 1473 exprignatis
1076 1388 1234 1472 pretinus
1248 1408 1303 1453 ac-

234 1497 336 1563 cessit
354 1509 430 1563 astu
448 1497 551 1581 idque
570 1499 671 1564 nellis
689 1498 965 1575 defendentibus
986 1497 1173 1563 interfectis
1193 1517 1301 1574 sacer-

234 1607 478 1691 detibusques
493 1609 528 1672 in
542 1628 618 1674 arce
634 1608 821 1685 invenerat,
838 1606 998 1674 incendie
1015 1607 1152 1673 delevit.
1194 1605 1302 1672 Ceius

234 1716 375 1782 flamme
396 1717 570 1800 perterriti
592 1717 754 1783 classierii
776 1737 857 1782 cum
880 1722 1019 1783 manere
1042 1721 1113 1780 nen
1135 1715 1301 1782 auderent

234 1835 268 1891 et
285 1826 424 1910 plurimi
440 1827 661 1892 horrerentur
678 1838 715 1893 ut
733 1827 859 1892 domes
877 1832 955 1892 sues
973 1824 1189 1892 discederent
1206 1844 1301 1889 moe-

182 1956 211 2006 15
235 1934 405 2017 nibusque
426 1940 462 2000 se
483 1934 717 2013 defenderent,
737 1935 988 2002 Themistocles
1009 1941 1099 2000 imus
1120 1933 1244 2001 restitit
1266 1943 1301 1999 et

234 2042 413 2107 universes
435 2049 532 2126 pares
553 2050 626 2109 e'sse
648 2064 749 2127 posse
768 2044 892 2121 eiebat,
914 2043 1086 2127 disperses
1106 2043 1301 2109 testebetur

232 2150 413 2234 penteres,
429 2151 534 2236 idque
550 2152 750 2236 Eurybiadi,
766 2158 840 2238 regi
856 2151 1225 2229 Lacedaemonierum,
1241 2158 1301 2234 qui

232 2271 307 2325 tum
325 2282 482 2343 summae
499 2262 633 2346 imperii
650 2273 814 2346 praeerat,
832 2261 906 2328 lore
922 2262 1132 2327 affirmebat.
1154 2268 1158 2277 '
1181 2260 1300 2346 Quem

233 2367 313 2436 c'um
335 2371 449 2435 minus
471 2392 575 2455 quam
596 2373 697 2438 vellet
719 2378 887 2449 moveret,
908 2377 1015 2437 nocte
1037 2371 1080 2438 de
1102 2377 1208 2438 servis
1231 2377 1301 2436 suis

180 2503 214 2543 20
233 2482 337 2564 quem
360 2480 480 2546 habuit
502 2480 739 2546 fidelissimum
761 2480 804 2546 ad
827 2488 947 2566 regem
970 2481 1073 2559 misit,
1098 2491 1136 2546 ut
1159 2487 1190 2547 ei
1213 2487 1300 2545 min-

233 2589 335 2655 tieret
354 2595 425 2655 suis
446 2591 560 2656 verbis
581 2590 796 2656 adversaries
818 2590 892 2656 eius
914 2590 948 2655 in
970 2590 1055 2675 luge
1077 2611 1166 2666 esse;
1189 2595 1249 2673 qui
1272 2596 1301 2655 si

233 2699 481 2777 discessissent,
502 2699 635 2766 meiere
656 2721 736 2765 cum
757 2701 873 2766 labere
893 2710 927 2766 et
948 2699 1193 2784 longinquiere
1214 2709 1300 2764 tem-

232 2829 318 2892 pore
336 2807 466 2873 bellurn
486 2809 736 2886 cenlectrirum,
757 2831 836 2875 cum
855 2809 1011 2894 singules
1031 2815 1223 2875 censecteri
1243 2814 1301 2873 ce·

233 2924 387 3001 geretur3
412 2923 501 3001 ques
524 2924 553 2983 si
576 2918 691 2984 statim
715 2919 973 3003 aggrederetur,
998 2919 1096 2984 brevi
1121 2917 1300 2983 imiverses

180 3050 211 3100 25
233 3026 491 3110 oppresserum.
537 3025 627 3093 Hec'
640 3033 682 3093 ee
702 3028 847 3105 valebat,
868 3039 906 3093 ut
926 3026 1083 3112 ingretiis
1103 3027 1146 3092 ad
1167 3028 1301 3111 deprig-

232 3132 387 3202 nandum
411 3143 532 3201 omnes
556 3143 774 3221 cegerentur.
823 3135 902 3202 Hec
925 3143 961 3202 re
985 3136 1102 3202 audite
1125 3137 1299 3213 barbarus,

231 3244 316 3311 nihil
329 3245 399 3311 doli
413 3248 552 3312 subesse
565 3246 718 3324 credens,
732 3246 897 3329 postridie
910 3246 1118 3313 alienissime
1132 3245 1195 3311 sibi
1210 3246 1299 3321 loce,

232 3361 353 3421 contre
383 3355 680 3439 opportenissime
711 3355 880 3433 hostibus,
912 3355 1001 3421 adee
1030 3361 1183 3439 anguste
1215 3359 1300 3419 mari

233 3465 402 3543 cenflixit,
425 3476 463 3531 ut
485 3465 558 3532 eius
581 3465 770 3532 multitede
792 3467 933 3531 nevium
956 3465 1121 3549 expliceri
1144 3471 1215 3530 nen
1238 3486 1300 3549 po-

180 3598 215 3650 30
232 3573 345 3639 tuerit.
391 3573 516 3640 Victus
537 3580 622 3658 erge
645 3585 697 3639 est
717 3574 828 3659 magis
851 3572 955 3640 etiam
977 3572 1122 3639 censilie
1144 3573 1300 3639 Themis-

231 3682 753 3767 fflmmfflm
1034 3693 1106 3701 ”

301 3791 345 3860 V.
362 3792 432 3859 Hic
447 3798 511 3858 etsi
524 3792 612 3859 male
626 3815 700 3859 rem
715 3803 878 3877 gesserat,
893 3803 1008 3858 tamen
1024 3798 1139 3859 tantais
1154 3792 1301 3859 habebat
