2992 4358
558 992 624 1058 III.
656 985 920 1060 CHABRIAS

273 1178 300 1244 I.
328 1177 493 1245 Chabries
518 1178 752 1244 Atheniensis,
803 1178 873 1245 Hic
900 1201 1041 1264 quoque
1066 1181 1101 1246 in
1127 1188 1270 1248 summis

202 1286 340 1353 habitus
357 1297 408 1352 est
425 1287 570 1353 ducibus
586 1293 709 1371 resque
725 1287 851 1353 multes
868 1289 1036 1355 memorie
1053 1290 1175 1375 dignas
1192 1312 1270 1376 ges-

202 1396 256 1463 sit.
296 1396 364 1463 Sed
379 1419 424 1462 ex
440 1402 488 1462 eis
503 1396 616 1462 elucet
632 1396 786 1461 maixime
801 1397 982 1463 inventurn
997 1399 1071 1464 eius
1087 1399 1121 1464 in
1137 1399 1270 1483 proelis)

202 1506 297 1591 quod
312 1506 405 1590 apud
420 1505 559 1572 Thebes
573 1505 663 1584 fecit,
680 1528 760 1571 cum
778 1507 923 1573 Boebtis
939 1508 1093 1574 subsidii>
1110 1509 1268 1575 venisset.

203 1615 365 1699 Namque
386 1615 420 1680 in
441 1621 484 1681 ed
505 1615 649 1681 victeria‘t
670 1616 801 1682 fidente
822 1623 962 1682 summi)
983 1617 1071 1685 duce
1092 1617 1268 1704 Agesilae,
1290 1651 1303 1701 5

202 1725 330 1810 sugetis
352 1725 419 1790 iarn
440 1726 483 1791 ab
505 1731 547 1790 eb
570 1725 797 1791 conducticiis
818 1733 975 1805 catervis
997 1727 1165 1813 reliquam
1187 1727 1269 1812 pha-

202 1835 342 1920 langem
359 1834 439 1900 locri
457 1834 567 1900 vetuit
585 1834 706 1901 cedere
726 1835 929 1920 obnixeque
949 1842 1042 1922 genti
1061 1843 1172 1915 scuti),
1192 1843 1270 1921 pre-

202 1944 291 2011 iecte
310 1945 408 2010 haste
426 1944 597 2028 impeturn
618 1944 779 2028 excipere
799 1932 953 2011 hostium
974 1946 1102 2012 docuit.
1148 1946 1190 2011 Id
1210 1967 1270 2011 no-

203 2073 286 2118 vum
306 2052 491 2137 Agesileus
511 2058 683 2117 contuens
704 2054 868 2138 pregredi
888 2034 959 2119 nen
980 2065 1155 2120 estausus
1174 2060 1270 2119 suds-

203 2183 270 2247 que
296 2162 364 2227 iam
390 2161 604 2228 incurrentes
630 2163 715 2228 tuba
741 2163 927 2230 revocavit.
980 2162 1067 2230 Hbc·
1088 2169 1198 2247 usque
1226 2169 1268 2229 ei)
1290 2198 1321 2233 10

202 2279 276 2338 tete
292 2270 436 2338 Graecie
451 2270 542 2337 fame
558 2273 769 2338 celebretum
786 2283 848 2351 est,
865 2283 904 2337 ut
921 2273 979 2337 ille
996 2278 1086 2337 statu
1104 2271 1268 2338 Chabriais

203 2382 266 2448 sibi
282 2392 431 2447 statuam
447 2381 521 2447 fieri
537 2381 696 2460 voluerit,
713 2404 802 2466 quae
818 2381 956 2466 publice
974 2388 1005 2448 ei
1021 2383 1063 2448 ab
1080 2380 1270 2447 Athenien-

204 2492 297 2557 sibus
322 2491 357 2556 in
383 2492 458 2557 fore
485 2491 676 2557 censtitrita
703 2502 764 2558 est.
816 2492 873 2556 Ex
899 2498 970 2575 que
997 2492 1127 2558 facturn
1154 2502 1204 2558 est
1231 2502 1270 2557 ut

202 2608 325 2686 posteri
341 2602 491 2667 ithletae
509 2608 682 2685 ceterique
700 2599 848 2666 artifices
867 2607 915 2668 eis
933 2600 1078 2666 statibus
1096 2601 1131 2665 in
1148 2606 1269 2666 statuis

202 2711 373 2796 penendis
395 2717 583 2790 iterentur,
607 2711 733 2795 quibus
755 2710 936 2776 victeriam
961 2721 1075 2777 essent
1096 2710 1221 2793 adepti.
1291 2744 1319 2792 15

273 2822 319 2888 ΙΙ.
347 2821 512 2887 Chabries
531 2831 650 2888 autem
670 2820 781 2886 multa
800 2819 834 2885 in
856 2820 999 2904 Eurepe
1018 2821 1106 2886 belia
1126 2816 1270 2884 admini-

203 2931 333 3010 strivit,
355 2953 435 2997 cum
456 2931 528 2996 dux
549 2931 817 2997 Atheniensium
838 2939 944 3007 esset;
965 2929 1000 2995 in
1020 2927 1186 3013 Aegypte
1208 2934 1270 2993 sue

202 3051 325 3126 sponte
339 3040 456 3126 gessit.
486 3041 579 3106 Nam
595 3040 812 3106 Nectenebin
827 3040 986 3106 adiutum
1001 3037 1177 3121 profectus
1193 3043 1270 3121 reg-

203 3173 287 3217 num
311 3158 343 3217 ei
365 3150 554 3217 cbnstituit.
603 3149 701 3216 Fecit
724 3149 817 3216 idem
843 3149 959 3234 Cypri,
983 3148 1043 3213 sed
1067 3145 1204 3231 publice
1227 3147 1269 3212 ab

202 3260 474 3327 Atheniensibus
505 3260 691 3344 Euagorae
720 3258 860 3324 adiutor
890 3258 1001 3336 datuS,
1032 3277 1145 3341 neque
1176 3255 1269 3340 prius
1288 3287 1321 3323 ω
1357 3324 1362 3331 ,

204 3370 284 3436 inde
311 3368 467 3435 discessit
495 3389 600 3452 quarn
627 3374 738 3432 tetam
764 3366 911 3432 insulam
939 3367 1030 3432 belle>¹
1059 3365 1268 3442 devinceret3

204 3485 272 3563 que
296 3485 401 3544 exre
425 3476 655 3542 Athenienses
678 3482 843 3559 megnam
868 3475 1015 3559 gleriam
1039 3487 1119 3541 sunt
1144 3475 1267 3557 adepti.

206 3586 349 3653 interim
374 3587 504 3651 betium
530 3583 618 3649 inter
644 3582 842 3667 Aegyptids
868 3594 901 3648 et
930 3583 1052 3650 Persis
1079 3583 1269 3650 cenfietum

204 3707 266 3764 est.
307 3695 537 3761 Athenienses
555 3715 634 3759 curn
651 3692 849 3758 Artaxerxe
867 3693 1070 3759 societetem
1086 3694 1268 3770 habebant,

205 3802 472 3870 Lacedaemonii
493 3822 574 3867 curn
596 3799 792 3885 Aegyptiis,
814 3806 835 3865 e
856 3800 982 3884 quibus
1003 3807 1149 3886 megnas
1171 3823 1269 3886 prae·
1288 3830 1319 3882 ²5

399 3907 416 3957 ὁ
