2992 4358
634 244 855 299 MILTIADES
1233 249 1271 295 21

206 422 318 488 nuntii
340 422 430 488 male
453 442 527 487 rem
549 443 671 508 gerere
696 423 851 490 Dureum
875 433 1056 510 premique
1079 433 1100 493 u
1124 427 1272 512 Scythis,

207 534 364 599 hortetus
385 541 437 597 est
457 531 573 615 pontis
593 531 756 597 custudes
776 539 820 599 ne
839 539 860 598 e
880 534 1019 600 fortuna
1038 535 1154 600 datam
1175 542 1273 602 occe·

206 643 341 708 sionem
361 640 555 707 liberandae
576 639 740 708 Graeciae
760 641 1006 710 dimitterent!
1033 644 1126 709 Nam
1146 651 1174 710 si
1194 665 1273 711 cum

207 758 255 817 eis
274 750 393 835 cupiis,
413 755 499 834 quus
517 755 636 815 secum
655 755 915 834 trunsporturat,
936 752 1106 818 interisset
1127 753 1273 831 Dureus,

171 866 277 926 §nun
302 860 417 926 sulum
446 860 625 943 Europam
651 858 725 925 iore
752 864 876 938 tutam,
903 860 963 927 sed
992 862 1096 928 etiam
1126 868 1186 928 eus
1214 868 1273 945 qui

204 969 325 1034 Asiam
343 968 535 1035 incolerent
553 967 674 1034 Graeci
691 989 818 1054 genere
836 970 962 1036 liheros
981 977 1002 1035 {t
1020 971 1203 1037 Persarum
1223 970 1274 1035 lu-

206 1084 302 1144 turus
325 1078 566 1144 dominatiune
589 1089 624 1145 et
646 1079 810 1162 periculi).
859 1078 900 1144 Id
923 1079 1021 1146 facile
1044 1079 1133 1147 effici
1157 1101 1274 1171 posse;

205 1199 313 1273 ponte
331 1187 424 1255 enim
440 1187 586 1254 rescissi>
602 1194 722 1273 regem
738 1188 793 1255 vel
810 1189 962 1254 hostium
979 1189 1070 1256 ferre
1086 1188 1140 1255 vel
1158 1187 1275 1273 inopie

205 1303 323 1382 paucis
338 1297 460 1364 diebus
476 1296 708 1364 interiturum.
749 1298 807 1364 Ad
823 1299 891 1364 huc
907 1298 1090 1364 censilium
1107 1319 1187 1363 cum
1205 1298 1275 1382 ple-

155 1435 188 1472 ιο
205 1413 302 1491 rique
317 1406 530 1485 accederent,
548 1407 726 1473 Histiaeus
744 1407 902 1474 Milesius
919 1414 962 1474 ne
979 1414 1032 1473 res
1049 1407 1275 1473 cunficeretur

206 1516 351 1595 obstitit,
380 1517 498 1583 dicens
526 1523 597 1582 nen
626 1517 719 1583 idem
746 1517 839 1602 ipsis,
869 1524 928 1602 qui
957 1524 1110 1584 summus
1139 1515 1274 1601 imperii

206 1632 374 1705 tenerent,
391 1625 555 1710 expedire
572 1637 607 1693 et
623 1626 848 1706 multitudini,
865 1627 960 1712 quod
977 1627 1084 1693 Durei
1100 1633 1209 1712 regne
1226 1626 1275 1710 ip-

207 1742 326 1801 serum
344 1742 512 1802 nIteretur
530 1736 740 1817 domineti63
760 1743 831 1821 qud
852 1743 1026 1804 exstinctu
1047 1736 1141 1820 ipsus
1161 1745 1276 1820 potes·

206 1849 277 1926 tate
293 1844 458 1927 expulsus
474 1844 607 1911 civibus
623 1851 694 1911 suis
710 1851 840 1929 poenes
856 1845 1007 1911 daturus.
1049 1845 1172 1928 Itaque
1188 1844 1275 1909 adeo

156 1978 185 2028 15
206 1959 243 2019 se
264 1953 448 2020 abhorrere
469 1959 490 2019 e
510 1959 706 2020 ceterurum
728 1955 885 2033 censiliu,
907 1966 946 2021 ut
967 1954 1050 2020 nihil
1073 1964 1172 2039 putet
1193 1954 1275 2038 ipsis

205 2060 323 2128 utilius
336 2083 441 2147 quam
454 2062 652 2129 cunfirmeri
665 2070 815 2149 regnum
830 2064 1024 2130 Persarum.
1064 2063 1180 2129 Huius
1195 2082 1275 2128 cum

207 2172 415 2238 sententiam
435 2173 575 2258 plurimi
596 2185 712 2240 essent
734 2180 855 2253 secuti,
878 2174 1063 2251 Miltiades,
1085 2179 1156 2238 nun
1178 2170 1276 2238 dubi·

206 2287 283 2348 tuns
298 2292 369 2348 tam
384 2283 503 2349 multis
519 2283 666 2349 censciis
682 2284 724 2349 ad
741 2283 833 2368 regis
848 2289 948 2349 aures
965 2281 1107 2348 censilia
1124 2303 1185 2347 sua
1201 2302 1275 2365 per·

207 2397 361 2472 ventura,
379 2392 638 2459 Chersonesum
656 2392 792 2477 reliquit
808 2415 847 2459 ac
863 2399 980 2458 rursus
996 2392 1153 2458 Athenas
1168 2388 1276 2456 demi-

155 2526 189 2564 20
206 2499 329 2586 gravit.
369 2500 477 2568 Cuius
490 2501 577 2567 ratio
593 2508 658 2567 etsi
672 2507 743 2566 non
759 2501 876 2579 valuit,
892 2511 1008 2566 tamen
1023 2506 1154 2584 magne
1171 2520 1275 2583 opere

78 2598 80 2605 ¹
206 2620 257 2676 est
274 2610 452 2689 laudanda,
469 2632 551 2677 cum
566 2611 711 2677 amicior
727 2610 885 2678 omnium
903 2611 1054 2676 libertuti
1072 2631 1176 2693 quam
1193 2629 1275 2675 suae

206 2718 309 2786 fuerit
326 2720 567 2787 dominatiuni.

277 2829 339 2898 IV.
360 2831 496 2897 Dareus
514 2841 643 2910 autem,
661 2852 741 2897 curn
759 2852 804 2897 ex
821 2830 964 2914 Eurupu
981 2829 1015 2893 in
1033 2827 1154 2894 Asiam
1172 2827 1275 2894 redis-

207 2949 270 3018 set,
290 2938 509 3007 hortantibus
528 2947 647 3007 amicis
668 2951 707 3007 ut
728 2940 909 3006 Graeciam
929 2938 1102 3023 redigeret
1122 2938 1157 3002 in
1178 2956 1275 3002 suam

156 3074 187 3124 25
207 3055 429 3133 potestatem,
448 3051 593 3117 classem
613 3056 885 3136 quingenturum
903 3047 1044 3114 navium
1063 3044 1276 3130 comparavit

207 3164 307 3243 eique
328 3158 452 3225 Dutim
472 3161 636 3244 praefecit
658 3171 692 3227 et
712 3160 969 3244 Artaphernem
990 3163 1108 3240 eisque
1129 3156 1276 3220 ducenta

193 3265 375 3354 peditum,
400 3270 522 3337 decem
546 3271 703 3355 equitum
727 3272 819 3335 milia
844 3269 948 3346 dedit,
974 3286 1111 3332 causam
1136 3265 1275 3329 interse-

207 3384 285 3445 rens
300 3385 336 3445 se
351 3378 491 3446 hostem
508 3403 583 3447 esse
599 3381 880 3458 Atheniensibus,
898 3378 992 3464 quod
1009 3383 1131 3443 ebrum
1147 3373 1276 3439 auxilie

209 3488 312 3555 Iunes
333 3487 449 3555 Sardis
470 3496 731 3575 expugnassent
751 3511 880 3573 suaque
901 3486 1069 3573 praesidia
1090 3481 1277 3549 interfecis-

156 3623 189 3673 30
209 3609 295 3665 sent.
346 3599 401 3663 Illi
425 3600 590 3684 praefecti
614 3599 701 3684 regii
724 3600 830 3664 classe
855 3598 898 3662 ad
924 3597 1108 3663 Euboeam
1134 3592 1278 3677 appulsu

209 3706 366 3774 celeriter
382 3709 553 3774 Eretriam
571 3714 736 3790 ceperunt
753 3713 945 3787 omnesque
962 3705 1036 3771 eius
1054 3704 1168 3788 gentis
1187 3707 1278 3767 cives

210 3815 373 3901 abreptus
392 3816 428 3881 in
448 3816 567 3882 Asiam
587 3815 630 3880 ad
649 3822 769 3906 regem
790 3820 969 3884 miserunt.
1015 3812 1101 3883 Inde
1122 3812 1165 3882 ad
1186 3809 1277 3880 Atti-

375 3916 391 3975 3
