2992 4358
212 204 255 283 48
556 218 746 274 cornuin
773 218 941 272 nspons

217 397 342 484 quibus
375 405 504 484 migne
538 399 687 465 dunatus
721 398 868 483 pecunie
902 398 1046 483 patriam
1080 395 1281 463 sublevevit.

216 508 336 592 Atque
354 507 389 572 in
406 509 473 574 hbe
490 508 573 573 illud
590 508 758 592 imprimis
775 507 840 573 luit
857 507 1069 585 admirabile,
1088 527 1168 572 curn
1186 512 1283 571 maix-

216 725 464 804 ccinlerrentur,
482 725 577 810 quod
595 724 678 789 nihil
696 746 861 809 umquam
879 724 1025 790 domurn
1044 745 1142 789 suam
1160 734 1284 790 contu·

217 834 264 912 lit,
288 834 371 899 nihil
395 834 438 899 de
461 839 566 912 victu,
591 833 674 898 nihil
699 834 742 899 de
766 839 893 899 vestitu
918 833 1101 901 Lacenurn
1125 832 1318 899 mutavits

218 942 337 1008 Dorne
358 943 479 1009 eedem
499 943 562 1008 luit
581 953 779 1021 contentus,
799 947 868 1027 quai
888 942 1138 1026 Eurysthenes,
1157 948 1284 1026 prege-

216 1052 308 1118 nitor
324 1052 497 1117 meierum
514 1058 669 1130 suerum,
688 1052 798 1117 luerat
816 1058 913 1131 usus;
931 1073 1036 1136 quarn
1053 1058 1113 1137 qui
1131 1051 1283 1128 intrarat,

216 1161 349 1227 nullum
370 1168 511 1246 signum
532 1161 692 1240 libidinis,
714 1162 847 1227 nullum
869 1162 1026 1229 luxuriae
1048 1163 1164 1228 videre
1186 1171 1283 1246 pote-

216 1281 280 1349 rat;
308 1276 429 1335 contre
457 1292 497 1337 ea
523 1270 670 1355 plurima
696 1271 882 1355 patientiae
910 1283 1014 1356 atque
1042 1271 1281 1337 abstinentiae.

216 1379 273 1446 Sic
290 1380 383 1445 eninr
400 1390 472 1446 erat
488 1386 665 1458 Instructa,
684 1391 723 1447 ut
741 1381 776 1446 in
794 1381 888 1447 nulle
906 1387 942 1448 re
960 1380 1114 1448 differret
1131 1387 1152 1448 ai
1170 1379 1283 1447 cuius·
1305 1408 1336 1444 10
1407 1390 1412 1400 '

215 1492 267 1554 vis
287 1489 399 1573 inopis
420 1499 523 1573 atque
545 1490 679 1573 privati.

285 1596 388 1664 VIII.
415 1597 534 1682 Atque
558 1599 613 1664 hic
638 1609 756 1665 tantus
781 1598 834 1665 vir
856 1610 895 1666 ut
919 1604 1078 1665 niteram
1103 1599 1282 1665 iaut'rIeenr

215 1707 381 1773 habuerat
404 1707 438 1772 in
461 1707 651 1773 tribuendis
673 1708 778 1774 animi
800 1708 997 1787 virtutibus,
1020 1715 1068 1775 sic
1091 1707 1282 1775 maleficam

216 1826 336 1881 nactus
362 1827 414 1881 est
441 1815 476 1880 in
504 1837 649 1900 corpore
677 1816 859 1902 fingende;
887 1839 969 1882 narn
997 1827 1031 1883 et
1060 1823 1191 1883 stature
1219 1815 1283 1881 luit

215 1927 337 1991 humili
351 1936 385 1993 et
401 1948 547 2011 corpore
563 1928 696 2012 exigue
713 1939 748 1994 et
762 1928 905 1993 claudus
919 1928 1027 1994 altere
1042 1927 1140 2010 pede.
1181 1926 1283 2011 Quae
1304 1953 1333 2003 ις

215 2041 268 2101 res
302 2036 408 2101 etiam
442 2036 644 2102 nennullam
678 2036 843 2103 afferebat
877 2037 1144 2114 delermitetenr,
1179 2046 1283 2121 atque

213 2149 338 2227 igneti,
355 2143 476 2209 faciem
492 2145 566 2210 eius
582 2166 662 2211 curn
678 2146 905 2225 intuerentur,
923 2147 1207 2223 contemnebant;
1223 2150 1283 2229 qui

215 2263 331 2318 autem
355 2252 500 2319 virtutes
523 2260 703 2332 neverant,
728 2260 798 2319 nen
821 2265 982 2338 poterant
1005 2255 1166 2320 admireri
1191 2253 1280 2320 satis.

217 2360 324 2446 Quod
347 2364 378 2426 ei
401 2367 466 2428 usti
490 2363 595 2441 venit,
620 2384 700 2428 curn
725 2370 896 2429 annerum
921 2363 1105 2449 octaginta
1129 2362 1282 2429 subsidi&

215 2469 334 2536 Tache
355 2471 390 2536 in
411 2472 617 2557 Aegyptum
639 2473 764 2538 missus
786 2484 877 2539 esset
899 2484 934 2539 et
955 2474 990 2538 in
1011 2479 1088 2539 acte
1110 2494 1190 2538 curn
1212 2478 1283 2538 suis
1303 2499 1336 2536 20

215 2578 432 2647 accubuisset
454 2582 526 2649 sine
547 2583 619 2648 ulle
640 2588 733 2648 tecte
756 2594 956 2667 statumque
979 2583 1120 2648 haberet
1143 2581 1221 2661 tale,
1244 2590 1283 2647 ut

216 2700 307 2755 terra
330 2695 422 2756 tecta
444 2701 533 2756 esset
557 2697 755 2757 stramentis
779 2712 892 2775 neque
916 2692 984 2755 hirc
1007 2690 1154 2774 amplius
1179 2710 1283 2773 quarn

216 2797 313 2882 pellis
335 2810 424 2866 esset
446 2799 580 2877 iniecta,
603 2802 727 2867 eedem
750 2807 821 2885 que
844 2801 989 2866 comites
1011 2807 1133 2866 omnes
1154 2803 1282 2907 vestitit

216 2906 338 2973 humili
355 2920 460 2993 atque
480 2911 651 2990 obsoleti),
672 2922 711 2978 ut
729 2917 851 2978 eerurn
871 2915 1014 2976 binetus
1032 2916 1102 2975 nen
1122 2908 1229 2974 modo
1249 2907 1283 2973 in

216 3024 264 3083 ets
284 3022 402 3102 regern
421 3020 597 3086 neminem
617 3019 839 3105 significeret,
860 3021 920 3086 sed
939 3018 1098 3084 homines
1119 3039 1193 3085 esse
1212 3021 1283 3082 nen
1304 3045 1333 3093 25

215 3126 432 3194 beetissimes
450 3130 683 3214 suspicienem
702 3131 889 3214 praeberet.
934 3128 1051 3194 Hriius
1070 3128 1113 3194 de
1131 3127 1283 3193 adventii

216 3238 406 3303 lernaeum
427 3240 470 3304 ad
491 3240 606 3323 regies
626 3250 716 3306 esset
737 3241 877 3324 perleta,
898 3239 1056 3306 celeriter
1075 3242 1219 3302 munera
1241 3241 1283 3302 ee

216 3348 383 3432 cuiusque
401 3349 538 3433 generis
556 3360 635 3414 sunt
655 3340 764 3415 alleta.
810 3349 876 3414 His
895 3347 1142 3433 quaerentibus
1160 3344 1284 3430 Agesi-

215 3459 309 3523 laum
323 3458 382 3523 vix
399 3458 484 3523 fides
498 3458 585 3523 lacta
600 3468 662 3534 est,
678 3463 787 3523 smum
803 3480 877 3525 esse
894 3480 938 3524 ex
955 3464 1003 3523 eis
1020 3456 1078 3540 qui
1094 3466 1170 3521 turn
1185 3473 1284 3520 accu-

216 3566 353 3631 bebant.
401 3566 575 3649 Quicum
599 3566 691 3650 regis
714 3567 826 3632 verbis
850 3587 938 3650 quae
963 3566 1149 3632 attulerant
1173 3563 1283 3630 dedis·
1305 3591 1337 3639 30

217 3685 304 3751 sent,
322 3674 376 3739 ille
394 3686 530 3757 praeter
546 3673 726 3739 vitulinam
744 3685 779 3739 et
796 3674 870 3739 eius
887 3674 982 3740 modi
1000 3695 1130 3758 genera
1147 3671 1284 3738 obsenii

217 3802 306 3865 quae
333 3787 492 3865 praesens
518 3793 658 3865 tempus
684 3781 910 3860 desiderabat,
937 3782 1021 3846 nihil
1048 3780 1194 3865 accepit;
1222 3802 1284 3846 un-
