3020 4372
202 165 242 227 82
544 178 733 231 coRuEtu
760 178 929 231 useosts

203 356 385 423 accessisse
399 356 515 434 sensit,
529 356 723 441 Agrippam
739 369 907 441 generum
923 357 965 422 ad
982 362 1018 422 se
1033 361 1157 422 arcessi
1174 353 1271 420 iussit

204 477 238 533 et
255 487 335 531 cum
352 473 394 532 ee
413 466 453 531 L.
473 452 673 531 Cornelium
692 466 840 531 Balbum
858 466 1076 549 Sextumque
1095 465 1271 530 Peducae-

204 596 274 640 um.
317 574 396 640 Hes
413 586 451 641 ut
468 574 602 641 venisse
619 574 715 652 vidit,
733 575 767 639 in
786 575 943 640 cubitum
961 574 1101 639 innixus
1118 573 1137 599 “
1153 573 1271 658 Quan-

204 683 308 761 tam,'’
344 683 466 766 inquit,
503 682 522 708 “
536 688 654 748 ceram
689 681 972 767 diligentiamque
1006 682 1040 746 in
1075 681 1271 747 valetedine

204 798 283 857 mee
305 791 434 857 tuende
456 790 523 856 hec
545 801 703 874 tempore
725 790 952 868 adhibuerim,
976 813 1056 856 cum
1079 797 1143 857 ves
1166 797 1271 856 testes
1292 806 1305 855 5

205 901 362 977 habeam,
387 900 471 964 nihil
496 921 636 965 necesse
662 910 713 965 est
738 900 893 982 pleribus
918 901 1031 965 verbis
1056 920 1270 966 commemo-

204 1016 287 1075 rere.
331 1009 468 1092 Quibus
486 1009 662 1093 quoniam,
681 1020 718 1073 ut
735 1015 847 1092 spere,
867 1010 1024 1088 satisfeci,
1044 1017 1100 1076 me
1117 1011 1200 1075 nihil
1219 1031 1270 1075 re-

204 1118 288 1202 liqui
315 1118 447 1195 iecisse,
473 1118 568 1201 quod
595 1118 638 1183 ad
664 1119 857 1183 senandum
884 1126 940 1185 me
967 1120 1166 1203 pertineret,
1194 1118 1270 1184 reli-

204 1247 313 1311 quum
334 1238 384 1292 est
404 1238 442 1291 ut
462 1236 603 1311 egomet
624 1226 707 1291 mihi
729 1229 918 1294 censulam.
964 1229 1004 1293 Id
1025 1235 1088 1294 ves
1107 1234 1269 1313 ignerere

203 1335 313 1414 nelui;
331 1358 411 1401 nam
427 1336 511 1400 mihi
529 1347 595 1402 stat
612 1337 701 1403 alere
719 1339 881 1403 morbum
899 1338 1065 1404 desinere.
1109 1337 1270 1422 Namque
1291 1363 1322 1398 10

204 1445 256 1509 his
274 1444 406 1522 diebus
424 1445 593 1528 quidquid
613 1445 680 1511 cibi
699 1453 841 1531 sempsi,
861 1447 907 1512 ita
925 1447 1076 1530 predexi
1094 1452 1212 1524 vitam,
1231 1455 1270 1511 ut

203 1553 359 1619 auxerim
378 1552 516 1620 doleres
535 1555 607 1620 sine
628 1563 688 1639 spe
708 1557 834 1622 saletis.
880 1556 999 1640 Quere
1018 1563 1038 1621 e
1057 1556 1156 1622 vebis
1176 1560 1269 1638 pete,

203 1669 354 1747 primum
371 1674 409 1728 ut
425 1663 608 1729 censilium
625 1666 779 1749 probetis
796 1688 925 1743 meum,
943 1666 1067 1732 deinde
1085 1672 1128 1730 ne
1146 1665 1271 1729 irestre

203 1771 419 1837 dehortande
439 1772 606 1857 impedire
626 1774 833 1840 cenemini.”
1188 1766 1190 1769 ¹
1237 1790 1240 1793 ’

273 1880 397 1946 XXII.
423 1881 502 1948 Hec
524 1883 684 1949 eretiene
706 1883 831 1949 habite·
844 1890 938 1949 tante
960 1882 1152 1949 constantie
1173 1882 1269 1949 vecis
1290 1907 1319 1955 15

157 2081 158 2085 Ἰ
203 2001 307 2075 atque
328 1992 454 2069 vultes
476 2003 514 2057 ut
535 1999 606 2058 nen
627 2015 672 2059 ex
692 1999 773 2070 vite,
794 1993 854 2059 sed
875 2016 919 2058 ex
939 1994 1048 2058 dome
1068 1993 1102 2057 in
1124 1992 1268 2056 domum

202 2101 375 2167 videretur
395 2102 555 2186 migrem,
576 2123 655 2167 cum
677 2102 817 2185 quidem
836 2101 995 2186 Agrippa
1015 2122 1095 2167 eum
1116 2101 1201 2166 flens
1221 2110 1270 2165 at·

203 2231 270 2293 que
306 2211 465 2275 esculens
500 2217 615 2276 ereret
651 2222 756 2295 atque
792 2212 988 2277 obsecreret
1025 2217 1068 2276 ne
1103 2210 1137 2275 id
1174 2208 1268 2294 quod

203 2325 323 2384 netera
347 2326 490 2404 cegeret
516 2321 589 2403 ipse
614 2341 755 2405 quoque
780 2320 843 2385 sibi
869 2322 1084 2397 accelereret,
1111 2330 1156 2397 et,
1182 2339 1268 2402 quo-

202 2428 294 2493 niam
313 2439 389 2494 tum
408 2450 549 2513 quoque
568 2440 686 2514 posset
705 2429 921 2513 temporibus
941 2449 1129 2510 superesse,
1150 2429 1186 2493 se
1206 2425 1268 2492 sibi
1289 2451 1321 2488 20

201 2544 339 2621 suisque
364 2546 565 2616 reserveret,
591 2545 711 2623 preces
736 2539 809 2604 eius
834 2538 1004 2603 taciturne
1030 2545 1092 2603 sue
1117 2537 1268 2603 obstine-

202 2648 296 2713 tiene
315 2649 491 2733 depressit.
537 2650 593 2716 Sic
615 2672 695 2715 cum
715 2650 860 2715 biduum
881 2650 960 2714 cibe
981 2655 1017 2714 se
1037 2648 1267 2723 abstinuisset,

202 2757 317 2823 subite
347 2758 450 2824 febris
480 2755 625 2825 decessit
655 2759 832 2843 leviorque
863 2758 1006 2824 morbus
1037 2779 1111 2824 esse
1142 2756 1266 2840 coepit.

202 2866 334 2931 Tamen
367 2868 586 2950 prepositum
619 2869 726 2933 nihile
758 2869 865 2934 setius
897 2866 1032 2951 peregit
1063 2866 1181 2949 itaque
1214 2865 1269 2931 die

202 2981 324 3058 quinte
361 2987 546 3059 postquam
583 2977 616 3042 id
654 2977 837 3042 censilium
874 2977 1006 3054 inierat,
1043 2976 1152 3060 pridie
1190 2975 1267 3040 Kal.
1288 2996 1319 3045 25

201 3083 337 3166 Apriles
353 3084 415 3150 Cn.
432 3084 591 3150 Domitie
606 3084 643 3152 C.
661 3086 762 3152 Sesie
778 3087 978 3152 censulibus
993 3085 1150 3152 decessit.
1190 3067 1269 3150 Ele-

202 3203 256 3257 tus
272 3206 322 3258 est
338 3194 371 3257 in
386 3194 554 3266 lecticulae,
570 3205 607 3259 ut
623 3195 694 3277 ipse
708 3202 981 3278 praescripserat,
998 3195 1155 3260 sincelle
1171 3214 1269 3277 pom-

201 3307 245 3383 pe
263 3301 402 3379 limeris
421 3302 669 3368 comitantibus
688 3305 850 3369 omnibus
869 3305 980 3382 bonis,
1000 3305 1154 3369 maxima
1172 3303 1269 3385 vulgi

201 3408 403 3492 frequentia
450 3411 613 3494 Sepultus
634 3423 686 3478 est
707 3413 804 3478 iirxte
823 3414 912 3477 viam
934 3414 1085 3496 Appiam
1107 3412 1149 3477 ad
1171 3417 1269 3494 quin-

201 3528 276 3585 tum
291 3519 439 3608 lapidem
455 3520 489 3590 in
504 3528 735 3619 monumente
753 3521 796 3612 Q.
816 3522 965 3607 Caecilii,
981 3522 1142 3594 avunculi
1159 3528 1220 3592 sui.
1287 3549 1320 3605 30
