2992 4358
206 179 245 259 38
546 192 737 247 connum
762 193 932 248 uepons

206 378 331 444 nivem
348 373 560 450 escenderet,
578 393 640 456 per
657 370 841 438 Chabriam
860 372 1124 452 Atheniensem,
1142 373 1186 439 de
1204 378 1275 457 que

206 487 310 565 supre
323 480 538 547 mentionem
553 481 709 559 lecimus,
723 480 849 547 effecit.
876 481 1116 548 Abstinentiae
1129 483 1193 548 erit
1208 483 1275 547 hoc

208 589 289 655 satis
317 588 569 655 testimonium.
622 590 776 654 Plurima
803 588 946 674 quidem
974 590 1127 674 prolerre
1155 611 1276 679 possu-

206 720 295 777 mus,
309 699 369 764 sed
383 698 508 764 modus
521 697 738 765 adhibendus
754 709 816 776 est,
831 699 997 783 quoniam
1011 704 1082 764 imo
1096 700 1164 765 hoc
1178 699 1275 765 volu-

206 807 300 873 mine
319 813 426 873 vitam
447 807 690 873 excellentium
710 807 864 873 virorum
885 808 1117 893 complurium
1136 809 1309 876 conclu-5

206 915 287 982 dere
301 915 555 995 censtituimuS,
569 922 720 1001 querum
736 922 789 982 res
803 917 988 1001 separetim
1003 918 1122 984 multis
1138 917 1275 984 milibus

206 1046 369 1091 versuum
390 1026 587 1110 complures
609 1030 793 1109 scriptores
815 1037 894 1091 ante
916 1032 980 1092 nos
1002 1026 1227 1110 explicarunt.

276 1133 320 1200 V.
345 1132 426 1199 Fuit
449 1133 553 1201 etiam
577 1133 735 1213 disertus,
759 1144 798 1201 ut
821 1141 926 1200 nemo
950 1141 981 1202 ei
1002 1136 1190 1201 Thebenus
1214 1141 1275 1218 pair

207 1252 298 1309 esset
320 1243 531 1328 eloquentie,
556 1265 671 1334 neque
695 1243 809 1312 minus
834 1245 1025 1310 concinnus
1049 1244 1084 1309 in
1107 1244 1275 1311 brevitete
1303 1274 1305 1279 >

205 1352 438 1436 respondendi
457 1373 562 1437 quam
581 1352 616 1421 ln
635 1360 804 1438 perpetue
823 1353 984 1420 eretione
1004 1359 1156 1419 rimetus.
1203 1353 1275 1418 Ha·
1295 1380 1327 1417 ιο

206 1461 281 1528 buit
321 1461 592 1533 obtrectetorem
635 1458 855 1529 Menecliden
897 1462 1081 1547 quendam,
1122 1461 1275 1527 indidem

205 1570 345 1649 Thebis,
375 1580 408 1636 et
436 1570 670 1641 adversarium
700 1571 735 1637 in
763 1571 1034 1638 administranda]
1062 1577 1099 1637 re
1128 1571 1274 1654 publica,

206 1678 287 1745 satis
316 1679 546 1746 exercitetum
574 1680 609 1751 in
638 1680 798 1759 dicende,
827 1692 865 1747 ut
893 1680 1101 1746 Thebanum
1130 1680 1274 1758 scilicet;

206 1809 356 1873 namque
378 1788 426 1854 illi
447 1792 545 1874 genti
566 1790 642 1873 plirs
664 1789 754 1856 inest
776 1790 900 1855 virium
923 1811 1028 1874 quam
1049 1788 1190 1874 ingenii.
1240 1790 1274 1854 Is
1371 1777 1374 1782 ’

205 1897 301 1983 quod
319 1897 353 1963 in
372 1904 408 1963 re
425 1898 563 1967 militen·
582 1899 705 1969 florere
724 1899 1005 1983 Epaminendam
1024 1899 1176 1977 videbat,
1196 1900 1274 1964 hor·
1294 1924 1324 1974 15

206 2013 270 2073 teri
295 2007 427 2073 solebat
451 2007 639 2074 Thebends
663 2018 702 2076 ut
726 2015 848 2093 picem
873 2009 964 2075 belle
988 2008 1205 2084 anteferrent,
1230 2014 1273 2072 ne

203 2114 293 2181 illius
310 2115 528 2200 imperatoris
546 2139 653 2202 opera
670 2117 930 2185 desideraretur.
974 2117 1069 2186 Huic
1089 2116 1144 2183 ille
1164 2115 1183 2142 “
1199 2115 1273 2180 Fal-

205 2222 277 2302 lis‚'’
293 2224 415 2309 inquit,
431 2224 451 2252 ‘⁶
464 2226 572 2292 verbi>
588 2232 680 2292 cives
694 2233 787 2305 tuos,-
802 2228 897 2312 quod
914 2233 974 2293 eos
989 2232 1009 2292 ai
1025 2226 1117 2292 belle
1132 2232 1273 2304 evoces3

205 2332 268 2399 etii
282 2333 375 2399 enim
389 2335 532 2402 nemine
548 2336 752 2403 servitutem
768 2336 945 2414 conciliem
962 2356 1042 2401 nam
1058 2334 1188 2423 paritur
1204 2340 1274 2418 pitx
1376 2398 1382 2407 ,

205 2442 306 2509 bello.
351 2443 475 2528 Itaque
495 2451 555 2528 qui
575 2450 615 2511 ee
636 2445 771 2512 diutine
789 2447 913 2511 volunt
933 2446 1010 2523 frui,
1031 2444 1122 2511 belle
1144 2442 1273 2510 exerci-
1293 2474 1325 2512 20

205 2558 268 2617 teti
293 2573 367 2619 esse
393 2539 531 2620 debent.
582 2554 701 2638 Quare
726 2561 754 2620 si
779 2554 951 2640 principes
978 2552 1143 2621 Graeciae
1170 2551 1273 2619 vultis

205 2683 289 2739 esse,
307 2668 426 2727 castris
444 2673 496 2729 est
512 2663 612 2729 vobis
630 2663 809 2742 utendum,
828 2670 898 2729 nen
917 2662 1117 2748 palaestra.”

273 2771 337 2838 VI.
364 2751 467 2839 idem
493 2795 574 2839 cum
602 2773 637 2838 in
664 2785 878 2841 conventum
905 2773 1056 2839 venisset
1083 2771 1271 2848 Arcadum,

204 2885 324 2962 petens
340 2890 378 2944 ut
394 2879 595 2947 societa‘rtem
612 2903 692 2946 cum
708 2881 883 2946 Thebanis
899 2891 934 2946 et
953 2880 1094 2963 Argivis
1110 2879 1272 2956 facerent,

205 2994 396 3072 contraique
418 2988 641 3067 Callistratus,
663 2988 930 3055 Atheniensium
952 2989 1098 3072 legetus,
1120 2994 1180 3072 qui
1201 2986 1272 3053 elo·
1292 3014 1322 3063 25

205 3096 347 3181 quentie
373 3103 496 3163 omnes
523 3103 565 3163 eo
593 3097 789 3182 praestabat
816 3108 985 3182 tempore,
1013 3097 1204 3180 postularet
1232 3105 1271 3162 ut

204 3206 320 3290 potius
335 3208 521 3272 amicitiam
538 3218 768 3291 sequerentur
781 3207 991 3285 Atticorum,
1010 3217 1043 3272 et
1060 3207 1095 3272 in
1114 3204 1273 3272 eretione

205 3322 267 3380 sue
291 3317 399 3381 multa
424 3315 582 3383 invectus
608 3327 699 3383 esset
726 3317 761 3381 in
786 3316 973 3382 Thebenes
998 3326 1033 3382 et
1058 3315 1211 3401 Argives
1237 3314 1272 3379 in

204 3430 321 3506 eisque
335 3424 403 3489 hoc
418 3424 600 3507 posuisset,
615 3424 771 3491 animum
785 3425 963 3491 advertere
979 3424 1104 3490 debere
1120 3423 1273 3489 Arcades

206 3533 323 3615 queles
343 3543 488 3615 utraque
510 3532 630 3599 civites
652 3539 743 3599 cives
766 3539 991 3617 procreasset,
1015 3555 1059 3598 ex
1082 3533 1207 3617 quibus
1229 3532 1272 3597 de
1292 3562 1325 3610 30

205 3645 328 3707 ceteris
347 3651 490 3723 possent
510 3641 672 3718 iudicine,
694 3642 846 3726 Argives
868 3642 959 3708 enim
982 3642 1085 3707 fuisse
1108 3642 1271 3708 Orestem

206 3760 241 3816 et
267 3748 516 3821 Alcmaeonem
542 3749 750 3829 metricideS,
777 3750 906 3816 Thebis
933 3749 1112 3835 Oedipum
1138 3757 1271 3826 mitum,
