2992 4358
240 252 278 299 10
580 250 769 304 CORNELII
795 251 963 305 NEPOTIS

238 429 319 495 Hoc
357 429 512 496 exercitu
550 451 684 496 moram
723 429 1084 497 Lacedaemoniorum
1122 430 1303 510 interfecit,

237 540 333 625 quod
359 539 513 606 maxime
539 547 615 606 tota
642 542 853 607 celebratum
882 551 934 607 est
963 540 1116 607 Graecia.
1170 543 1302 608 Iterum

237 651 360 717 eodem
386 650 476 717 bello
503 657 625 716 omnes
650 649 768 735 ccipias
792 657 914 717 eorum
941 651 1086 736 fugavit,
1113 658 1184 735 que
1210 652 1302 718 iacto

236 767 400 845 magnam
424 761 569 845 adeptus
595 770 647 826 est
671 760 828 844 gloriam.
879 759 969 827 Cum
995 760 1209 826 Artaxerxes
1234 760 1302 827 Ae-

235 870 359 954 gyptio
379 877 454 956 regi
473 871 603 947 bellum
622 869 746 936 inferre
766 870 890 948 voluit,
912 869 1109 954 Iphicraten
1130 872 1172 936 ab
1193 870 1302 936 Athe·
1322 884 1335 935 5

235 978 410 1045 niensibus
442 980 568 1046 ducem
599 979 732 1064 petivit,
764 999 870 1062 quem
902 979 1103 1062 praeficeret
1135 979 1303 1046 exercitui

235 1088 467 1166 conducticio,
501 1088 599 1155 cuius
634 1110 799 1155 numerus
835 1087 1021 1155 duodecim
1057 1089 1191 1154 milium
1226 1088 1300 1153 fuit.

236 1197 353 1283 Quem
374 1198 514 1282 quidem
535 1206 584 1265 sic
605 1206 702 1265 omni
723 1198 904 1283 disciplina
924 1199 1062 1264 militen
1084 1197 1241 1277 erudivit,
1263 1208 1302 1264 ut

234 1307 563 1391 quemadmodum
583 1302 760 1394 quondam
780 1308 924 1375 Fabiani
943 1309 1068 1374 milites
1088 1308 1232 1387 Rornae,
1253 1314 1302 1374 sic

232 1396 485 1500 Tphicratenses
498 1419 589 1503 apud
604 1419 757 1486 Graecos
770 1419 805 1484 in
819 1425 956 1485 summa
970 1418 1070 1484 laude
1085 1418 1219 1485 fuerint.
1321 1443 1353 1479 10

300 1506 402 1593 Tdem
418 1528 571 1594 subsidio
589 1528 874 1595 Lacedaemoniis
892 1529 1068 1612 proiectus
1087 1529 1301 1611 Epaminon-

234 1636 298 1703 dae
318 1637 506 1705 retardevit
526 1638 678 1723 impetus
685 1662 693 1718 ;
713 1660 793 1704 nam
813 1639 877 1704 nisi
898 1639 971 1704 eius
990 1637 1158 1704 adventus
1178 1658 1301 1721 appro-

233 1745 444 1830 pinquasset,
475 1753 546 1813 non
576 1748 671 1832 prius
701 1747 860 1814 Thebani
891 1747 1015 1832 Sparta
1044 1746 1299 1823 abscessissent,

233 1877 337 1940 quam
355 1867 490 1940 captam
509 1857 669 1924 incendio
688 1858 870 1924 delessent.

302 1965 369 2032 ΙΙΙ.
396 1966 477 2033 Fuit
496 1977 612 2033 autem
631 1978 665 2034 et
683 1967 800 2033 animo
820 1973 952 2052 magno
973 1978 1006 2034 et
1027 1965 1177 2051 corpore
1192 1966 1299 2050 impe·
1320 1990 1349 2040 15

232 2075 428 2159 ratdriaque
448 2075 569 2155 formai,
590 2088 627 2143 ut
646 2077 722 2160 ipso
740 2082 884 2161 aspectu
904 2076 1012 2143 cuivis
1032 2076 1172 2142 iniceret
1191 2075 1299 2142 admi-

233 2183 403 2250 rationem
426 2191 488 2262 sui,
513 2186 572 2252 sed
596 2186 630 2250 in
655 2168 771 2252 labore
795 2186 897 2252 nimis
921 2186 1083 2252 remissus
1106 2205 1298 2269 parumque

230 2292 376 2376 patienS,
390 2304 429 2360 ut
441 2293 693 2379 Theopompus
707 2293 898 2361 memoriae
913 2294 1075 2379 prodidit,
1089 2295 1202 2359 bonus
1215 2299 1298 2359 vero

232 2401 315 2467 civis
330 2401 467 2485 fideque
484 2409 621 2487 magna.
664 2403 771 2489 Quod
789 2422 869 2469 cum
887 2405 921 2469 in
938 2405 1011 2470 aliis
1029 2404 1130 2470 rebus
1148 2403 1298 2469 declara-

230 2511 290 2588 vit,
305 2521 380 2577 tum
395 2512 548 2605 maxime
563 2513 597 2577 in
612 2512 787 2597 Amyntae
802 2514 1007 2579 Macedonis
1021 2513 1135 2580 liberis
1151 2511 1296 2579 tuendis.
1317 2536 1350 2574 20

233 2620 394 2704 Namque
419 2621 602 2706 Eurydice,
627 2629 737 2688 meter
762 2623 946 2688 Perdiccae
972 2635 1006 2690 et
1031 2622 1192 2706 Philippi,
1217 2643 1297 2687 cum

229 2730 282 2795 his
299 2730 436 2797 duobus
453 2739 569 2816 pueris
585 2731 741 2816 Amynta
758 2740 902 2799 mortuo
921 2733 965 2798 ad
991 2715 1190 2817 Tphicraten
1216 2738 1297 2797 cen-

231 2838 321 2923 fugit
338 2840 480 2923 eiusque
497 2841 622 2926 opibus
641 2841 780 2907 defensa
798 2853 859 2910 est.
901 2843 1001 2910 Vixit
1020 2842 1062 2908 ad
1081 2846 1298 2907 senectutem

231 2949 373 3033 placetis
396 2949 430 3014 in
452 2957 488 3015 se
509 2957 652 3017 suorum
675 2952 802 3018 civium
825 2953 956 3019 animis.
1004 2952 1152 3018 Causam
1175 2948 1297 3034 capitis

231 3060 338 3124 semel
359 3059 456 3137 dixit,
478 3060 568 3126 bello
590 3061 718 3140 sociali,
740 3063 840 3128 simul
862 3083 942 3129 cum
963 3062 1162 3138 Timotheo,
1185 3066 1297 3143 eoque
1316 3084 1347 3133 25

231 3168 358 3234 iudicio
380 3180 430 3235 est
451 3170 640 3237 absolutus.
1048 3247 1056 3260 ‚

300 3278 504 3345 Menesthea
523 3281 633 3346 filium
653 3282 788 3366 reliquit
809 3305 854 3348 ex
872 3282 1042 3348 Thraessa
1062 3288 1194 3358 natum,
1217 3279 1298 3346 Coti

230 3388 320 3473 regis
335 3389 413 3455 filia.
454 3389 488 3454 ls
503 3411 583 3455 cum
598 3391 880 3476 interrogaretur,
896 3402 1013 3457 utrum
1029 3391 1145 3475 phiris
1162 3401 1297 3475 patrem

229 3504 430 3576 metremne,
443 3498 581 3577 iaceret,
595 3498 614 3526 “
629 3499 816 3577 Matrem‚’'
829 3500 949 3585 inquit.
988 3500 1028 3565 Id
1042 3521 1121 3567 cum
1135 3499 1297 3566 omnibus

230 3613 356 3671 mirum
374 3607 558 3685 videretur,
577 3620 610 3675 at
629 3610 683 3676 ille
703 3610 722 3636 “
737 3609 899 3686 Merito,''
919 3609 1041 3694 inquit,
1061 3610 1081 3636 “
1094 3609 1197 3688 iacio;
1217 3629 1296 3673 nam
1317 3631 1349 3679 30

231 3726 336 3799 pater,
356 3727 525 3800 quantum
542 3718 577 3783 in
595 3725 631 3783 se
648 3719 721 3796 fuit,
739 3718 932 3785 Thraecem
950 3726 1007 3785 me
1025 3719 1157 3804 genuit,
1177 3724 1297 3785 contra

232 3846 273 3891 ea
289 3831 401 3891 mater
415 3826 698 3893 Atheniensem.'’
