3020 4372
679 237 852 292 Armcus
1257 219 1300 305 69
1337 219 1339 223 ’

229 423 326 482 omni
349 417 595 501 precuratione
618 423 667 483 rei
690 418 847 501 publicae
870 423 1026 485 ueterem
1048 424 1296 501 auctoremque

228 526 399 591 habebant
415 526 646 610 potissimum.
689 526 802 611 Igitur
818 533 969 610 primum
986 527 1069 592 illud
1086 532 1213 592 munus
1229 526 1296 592 ior-

228 638 344 711 tunae,
368 634 463 717 quod
487 634 522 699 in
545 640 586 700 eu
609 634 693 700 urbe
717 640 904 712 natusest,
929 635 963 699 in
987 641 1057 719 qua
1080 634 1295 701 domicilium
1363 706 1368 714 ,

227 742 320 807 orbis
347 748 515 808 terrarum
545 752 635 808 esset
666 742 809 826 imperii,
841 753 880 808 ut
911 743 1055 809 eandem
1087 754 1121 809 et
1150 743 1295 827 patriam

191 864 204 915 5
227 850 369 915 haberet
396 860 430 916 et
458 850 620 929 domum;
649 851 715 916 huc
744 850 919 934 specimen
947 851 1160 936 prudentiae,
1190 850 1294 935 quod,

227 959 361 1024 cumin
382 979 457 1025 eam
478 966 515 1025 se
536 959 711 1027 civitatem
732 961 943 1039 contulisset,
967 982 1055 1045 quae
1077 959 1294 1044 antiquitate,

226 1067 443 1134 humanitute
462 1067 690 1153 doctrinaque
709 1077 898 1153 praestaret
918 1076 1051 1149 omnes,
1071 1075 1161 1135 unus
1181 1075 1212 1136 ei
1231 1069 1295 1135 fuit

225 1175 430 1243 carissimus

296 1285 358 1351 IV.
391 1284 474 1351 Huc
505 1309 551 1352 ex
580 1286 665 1353 Asia
696 1287 791 1354 Sulla
821 1288 992 1368 decedens
1023 1309 1102 1354 cum
1134 1287 1293 1365 venisset,

5 1429 15 1447 ·
91 1421 93 1424 ⁴
173 1423 205 1460 ιο
225 1393 391 1478 quamdiu
419 1394 465 1460 ibi
493 1395 568 1472 fuit,
598 1402 717 1462 secum
746 1397 866 1462 habuit
896 1396 1144 1480 Pompunium,
1173 1406 1294 1480 captus
1371 1478 1375 1484 .

225 1501 452 1569 adulescentis
488 1514 521 1570 et
557 1505 773 1572 humanitute
810 1516 845 1572 et
881 1507 1048 1572 doctrine.
1108 1505 1165 1572 Sic
1201 1505 1293 1572 enim

226 1610 357 1677 Graece
382 1613 599 1696 loquebatur,
624 1624 663 1679 ut
687 1614 835 1680 Athenis
861 1621 962 1680 nutus
985 1614 1174 1693 videretur;
1199 1623 1293 1680 tanta

225 1731 341 1785 autem
367 1721 518 1787 suevitus
544 1732 614 1787 erat
639 1723 808 1789 sermonis
834 1723 961 1800 Latini,
989 1735 1027 1788 ut
1052 1729 1232 1806 appareret
1258 1722 1293 1786 in

222 1835 267 1926 eu
303 1835 459 1895 nutivum
494 1831 683 1914 quemdam
699 1862 701 1866 ⁴
718 1832 874 1916 leperem
909 1853 992 1910 esse,
1029 1837 1100 1897 non
1135 1837 1291 1896 ascitum.

172 1964 202 2014 15
226 1936 325 2002 Idem
342 1944 503 2022 poemata
518 1939 768 2024 prenuntiebat
785 1953 820 2007 et
839 1939 968 2006 Graece
985 1951 1019 2007 et
1038 1941 1161 2005 LatIne
1179 1946 1237 2018 sic,
1255 1948 1292 2006 ut

225 2052 327 2130 supra
351 2047 434 2112 nihil
457 2059 576 2132 posset
599 2048 689 2115 addi.
737 2048 875 2134 Quibus
898 2051 1000 2115 rebus
1024 2050 1152 2116 lactum
1177 2060 1229 2116 est
1254 2059 1292 2114 ut

225 2154 319 2221 Sulla
336 2162 508 2241 nusquam
526 2178 607 2223 eum
625 2160 667 2224 ab
685 2164 722 2224 se
740 2147 929 2225 dimitteret
946 2169 1156 2241 cuperetque
1174 2165 1292 2223 secum

223 2264 403 2331 deducere.
448 2265 513 2332 Cui
533 2288 613 2332 cum
634 2267 841 2350 persuadere
860 2273 1058 2352 temptaret,
1080 2267 1098 2293 “
1114 2267 1148 2332 N
1151 2268 1208 2345 uli,
1228 2271 1291 2332 uro

224 2372 292 2450 te,’'
318 2373 429 2457 inquit
455 2375 683 2457 Pompunius,
710 2375 927 2441 “adversum
953 2382 1013 2442 ees
1037 2381 1093 2440 me
1119 2376 1205 2441 velle
1230 2373 1292 2438 du-

169 2509 204 2547 20
224 2503 313 2560 cere,
340 2504 421 2549 cunr
446 2483 572 2568 quibus
596 2490 639 2549 ne
666 2490 787 2549 contre
812 2490 846 2550 te
871 2505 965 2549 arma
990 2484 1126 2562 ferrem,
1154 2463 1291 2548 ltaliam

223 2591 377 2675 reliqui.''
415 2592 464 2658 At
479 2592 574 2659 Sulla
587 2593 816 2658 adulescentis
832 2591 948 2658 officio
963 2592 1158 2658 collaudato
1175 2591 1293 2657 omnia

224 2705 365 2766 munera
388 2706 430 2780 ei,
454 2723 543 2786 quae
565 2702 713 2767 Athenis
735 2707 924 2784 acceperat,
949 2699 1171 2783 proficiscens
1195 2700 1292 2765 iussit

223 2808 354 2876 deferri.
1311 2813 1313 2818 ’

191 2959 194 2966 r
293 2919 363 2985 Hic
382 2920 578 3003 complures
597 2926 707 2986 annes
727 2926 894 2995 monitus,
914 2941 994 2985 cunr
1015 2930 1050 2986 et
1069 2925 1117 2985 rei
1136 2919 1292 2984 familiari

169 3057 201 3107 25
224 3037 359 3093 tantum
381 3049 507 3110 operae
529 3029 636 3107 daret,
660 3040 830 3113 quantum
852 3034 923 3093 non
945 3027 1128 3112 indiligens
1152 3028 1291 3093 deberet

223 3145 322 3219 pater
337 3136 491 3215 familias,
509 3148 542 3203 et
561 3137 677 3203 omnia
694 3137 825 3221 reliqua
843 3148 1001 3220 tempora
1018 3147 1076 3201 aut
1095 3136 1215 3201 litteris
1233 3145 1291 3199 aut

224 3244 490 3311 Atheniensium
508 3246 734 3330 reipublicae
754 3247 928 3324 tribueret,
948 3245 1055 3310 nihile
1075 3244 1189 3310 minus
1208 3251 1291 3309 ami-

224 3360 272 3418 ciS
293 3355 423 3419 urbuna
444 3353 558 3421 officia
578 3354 762 3439 praestitit3
784 3376 864 3421 nam
888 3366 921 3421 et
943 3355 984 3419 ad
1007 3353 1147 3419 comitia
1169 3359 1290 3418 eurum

223 3463 404 3528 ventituvit
416 3474 461 3540 et,
475 3469 502 3528 si
516 3485 584 3547 qua
596 3469 648 3528 res
662 3465 773 3529 muior
783 3470 860 3529 acta
874 3475 935 3541 est,
950 3470 1022 3528 non
1036 3462 1154 3528 defuit.
1194 3460 1291 3528 Sicut

169 3601 203 3650 30
225 3570 386 3636 Cicereni
412 3571 446 3636 in
473 3571 635 3637 omnibus
661 3572 734 3637 eius
762 3572 921 3656 periculis
948 3572 1158 3655 singularem
1186 3569 1290 3635 fidem

224 3680 396 3763 praebuit;
419 3680 473 3745 cui
495 3702 540 3745 ex
561 3680 670 3763 patria
692 3680 840 3764 fugienti
862 3679 1059 3745 sestertium
1082 3680 1233 3745 ducenta
1257 3689 1290 3744 et

224 3788 476 3877 quinquugintu
493 3788 586 3854 milia
602 3788 754 3858 donavit.
795 3787 1038 3876 Tranquillutis
1056 3798 1172 3859 autem
1190 3787 1291 3857 rebus

405 3899 420 3955 6
