2992 4358
618 311 621 318 Ι
645 230 868 286 sensimus
1248 227 1288 295 45

224 408 258 473 in
273 415 312 474 ea
326 416 362 474 re
377 410 495 476 fuisset
511 411 687 477 industria.
729 412 826 478 Fecit
842 412 935 478 idem
950 412 984 476 in
1001 408 1289 477 exercitatianum

223 517 419 600 generibus,
436 528 485 594 ut,
502 525 561 601 qui
577 524 698 583 ceteris
714 519 972 602 praestitissent,
990 524 1050 583 ees
1066 522 1204 599 magnis
1219 515 1290 580 affi-

224 635 318 690 ceret
340 626 551 692 muneribus.
597 627 664 692 His
685 628 792 712 igitur
812 628 914 694 rebus
936 626 1052 693 effecit
1073 637 1111 692 ut
1134 635 1169 694 et
1191 629 1290 691 orna-

224 734 396 799 tissimum
443 747 477 801 et
523 736 848 802 exercitatissimum
896 737 1038 804 haberet
1086 736 1289 803 exercitum.

188 858 201 908 5
225 842 319 908 Huic
349 864 428 908 cum
458 856 596 928 tempus
626 857 716 911 esset
745 853 858 912 visum
888 845 1006 929 copias
1033 847 1214 913 extrahere
1245 867 1291 911 ex

225 952 464 1030 hibernaculis,
492 952 587 1031 vidit,
616 960 654 1031 si,
682 961 753 1038 qua
781 965 870 1021 esset
897 955 961 1021 iter
987 954 1150 1033 facturus,
1178 954 1290 1038 palam
1351 955 1353 961 ’

224 1061 494 1144 pronuntiasset,
516 1062 633 1129 hostes
653 1069 724 1128 nan
744 1063 936 1129 credituros
956 1063 1107 1145 aliasque
1128 1063 1290 1147 regiones

224 1169 402 1252 praesidiis
433 1176 665 1253 occupaturos
695 1144 807 1255 neque
838 1171 1057 1238 dubitaturos
1087 1171 1180 1237 aliud
1210 1190 1291 1236 eum

221 1277 391 1344 facturum
405 1296 447 1344 'ac
465 1279 732 1362 pranimtiasset.
776 1281 900 1364 Itaque
918 1302 998 1345 cum
1017 1278 1072 1346 ille
1091 1279 1206 1346 Sardis
1224 1279 1290 1344 itii-

172 1408 301 1452 rorum
327 1394 363 1453 se
388 1388 541 1465 dixisset,
567 1388 815 1473 Tissaphernes
841 1389 985 1456 eandem
1013 1388 1149 1455 Cariam
1175 1388 1291 1454 delen·

225 1495 373 1562 dendam
399 1496 544 1580 putavit.
596 1498 637 1562 In
663 1504 734 1581 quo
758 1519 839 1563 cum
865 1519 945 1564 eum
970 1497 1089 1582 opinia
1115 1497 1290 1563 fefellisset

224 1605 425 1691 victumque
444 1612 480 1671 se
499 1606 642 1673 vidisset
661 1606 817 1685 camilia,
837 1613 913 1673 sere
933 1613 1003 1672 suis
1022 1605 1193 1691 praesidia
1213 1627 1291 1690 pro-

224 1714 335 1794 fectus
352 1725 418 1793 est;
436 1735 516 1779 nam
534 1736 615 1781 cum
632 1715 690 1780 illo
708 1716 867 1793 venisset,
886 1716 953 1781 iam
971 1715 1157 1799 Agesilaus
1174 1715 1291 1780 multis

224 1823 309 1889 locis
341 1829 551 1907 expugnatis
582 1830 711 1908 magna
740 1834 811 1890 erat
842 1824 968 1908 praeda
998 1829 1140 1908 potitus.
1196 1822 1291 1887 Laco

174 1953 202 2003 15
224 1943 339 1998 autem
356 1953 436 1998 cum
453 1932 584 1999 videret
601 1934 718 1999 hostes
736 1933 892 2016 equitatu
910 1938 1082 2016 superare,
1100 1950 1291 2015 numquam

225 2041 260 2106 in
278 2047 402 2125 campo
421 2047 474 2107 sui
492 2041 573 2107 lecit
593 2048 803 2125 potestatem
823 2052 858 2108 et
876 2047 924 2107 eis
943 2041 1028 2109 locis
1047 2061 1190 2105 manum
1210 2045 1291 2104 con-

225 2149 340 2228 seruit,
362 2150 487 2234 quibus
507 2151 583 2234 plus
604 2151 782 2234 pedestres
803 2149 924 2234 cepiae
943 2149 1106 2215 valerent.
1154 2146 1292 2231 Pepulit

225 2265 322 2344 erga,
348 2259 661 2343 quotienscumque
686 2280 894 2344 congressus
919 2269 981 2336 est,
1007 2259 1118 2323 multa
1143 2256 1292 2323 maidres

224 2368 498 2434 adversariarum
514 2368 632 2452 capias
647 2379 680 2434 et
697 2374 744 2433 sic
761 2368 796 2433 in
813 2368 897 2433 Asia
912 2372 1067 2433 versatus
1083 2377 1145 2443 est,
1163 2376 1201 2432 ut
1217 2385 1292 2431 om-

172 2500 206 2540 20
225 2477 322 2542 nium
346 2477 510 2561 opiniene
533 2477 645 2542 victor
668 2476 861 2542 duceretur.

295 2585 358 2652 IV.
383 2587 453 2651 Hic
476 2606 556 2651 cum
580 2585 648 2650 iam
670 2585 787 2650 anime
811 2583 1037 2650 meditaretur
1060 2582 1233 2667 proficisci
1256 2581 1292 2648 in

227 2696 349 2761 Persas
369 2705 403 2761 et
424 2675 678 2778 ipsumregem
698 2694 835 2771 adoriri,
857 2692 999 2758 nuntius
1020 2698 1050 2759 ei
1070 2691 1177 2757 domo
1197 2690 1292 2758 venit

227 2804 438 2888 ephororum
460 2803 578 2880 missii,
601 2803 730 2868 bellum
753 2802 984 2867 Athenienses
1005 2812 1039 2867 et
1064 2801 1219 2867 Boeotos
1242 2801 1292 2865 in-

226 2913 353 2979 dixisse
374 2911 660 2978 Lacedaemoniis
667 2933 674 2989 ;
696 2917 802 2995 quare
822 2917 937 2976 venire
957 2917 1001 2976 ne
1020 2910 1204 2979 dubitaret.
1250 2909 1292 2974 In

174 3046 204 3096 25
225 3023 293 3087 hoc
310 3028 381 3087 nan
400 3022 513 3086 minus
532 3020 605 3086 eius
624 3020 737 3103 pietas
753 3018 972 3104 suspicienda
990 3029 1041 3085 est
1060 3038 1165 3102 quam
1184 3018 1292 3083 virtus

226 3130 359 3208 bellica;
380 3136 440 3213 qui
460 3150 540 3194 cum
560 3128 683 3194 victori
703 3137 875 3213 praeesset
895 3127 1066 3193 exercitui
1086 3126 1293 3191 maximam-

226 3261 293 3322 que
317 3239 458 3304 haberet
483 3237 646 3307 adiiciam
668 3242 767 3322 regni
793 3236 977 3302 Persarum
1002 3235 1173 3318 potiundi,
1198 3240 1293 3299 tanta

226 3348 396 3414 modestia
416 3347 512 3412 dicto
532 3346 673 3411 audiens
694 3345 758 3410 luit
778 3343 877 3410 iussis
897 3343 1093 3409 absentium
1114 3342 1293 3428 magistra-

226 3469 337 3535 tuum,
360 3468 398 3523 ut
420 3462 448 3521 si
470 3461 624 3540 privatus
645 3454 681 3518 in
703 3453 849 3519 comitio
871 3463 959 3518 esset
983 3451 1135 3536 Spartae.
1184 3451 1293 3519 Cuius

175 3595 207 3643 30
227 3567 427 3650 exemplum
446 3565 578 3630 utinam
598 3563 825 3646 imperateres
844 3567 953 3626 nostri
973 3567 1070 3645 sequi
1089 3560 1292 3627 voluissent!

229 3675 298 3743 Sed
325 3676 405 3740 illuc
432 3674 624 3739 redeamus
676 3670 861 3755 Agesilaus
889 3669 1153 3753 opulentissime
1182 3674 1292 3752 regno

227 3783 424 3869 praeposuit
443 3782 572 3848 bonam
593 3779 888 3847 existimatianem
908 3778 1088 3862 multoque
1109 3777 1294 3862 glariasius
