3020 4372
674 231 848 300 urricus
1257 231 1295 293 81

229 425 382 492 infinItas
396 430 475 491 suas
489 423 737 509 occupatianes
751 424 865 490 minus
880 444 982 508 saepe
997 445 1101 508 quam
1114 423 1218 491 vellet
1233 424 1298 488 At-

231 535 301 601 tice
324 534 505 610 frueretur,
528 533 643 599 nullus
666 534 738 598 dies
761 539 891 600 temere
914 533 1107 599 intercessit
1130 539 1201 617 qua
1225 539 1297 597 nan

230 642 273 709 ad
294 663 374 709 eum
395 643 568 719 scriberet,
589 663 669 707 cum
689 643 798 707 modo
818 641 947 725 aliquid
968 642 1011 707 de
1031 641 1235 726 antiquitate
1254 642 1296 706 ab

230 758 272 818 ea
293 757 493 835 requireret,
514 750 622 816 modo
641 750 790 834 aliquam
811 750 1050 834 quaestianem
1071 750 1244 834 poeticam
1266 756 1297 816 ei

192 865 451 943 sprepaneret,
477 859 654 925 interdum
678 858 797 924 iocans
821 859 894 924 eius
919 859 1136 925 verbasiores
1159 859 1297 925 eliceret

231 968 404 1051 epistulas.
449 968 595 1051 Exque
614 967 749 1045 accidit,
769 988 849 1032 cum
869 967 963 1033 aedis
984 967 1077 1032 Iovis
1098 966 1241 1032 Feretrii
1261 967 1296 1032 in

231 1076 415 1160 Capitalia,
442 1078 485 1142 ab
513 1077 667 1141 Remulo
694 1075 892 1154 censtitirta,
917 1082 1090 1141 vetustate
1116 1085 1220 1159 atque
1247 1076 1296 1139 in-

230 1185 324 1251 curia
346 1186 481 1251 detecta
501 1186 751 1270 pralaberetur,
775 1196 814 1251 ut
836 1185 946 1250 Attici
967 1184 1148 1265 admonita
1172 1184 1298 1250 Caesar

231 1315 307 1368 eam
330 1293 552 1360 reficiendam
574 1300 717 1360 curaret.
767 1294 892 1377 Neque
915 1299 998 1359 vere
1020 1299 1041 1358 a
1065 1294 1114 1358 M.
1137 1293 1296 1358 Antania

176 1433 208 1469 10
229 1403 344 1468 minus
359 1404 482 1468 absens
499 1403 620 1469 litteris
637 1404 825 1480 colebatur,
841 1402 928 1468 adea
945 1413 983 1467 ut
1000 1407 1161 1468 accurate
1179 1402 1233 1466 ille
1251 1423 1295 1466 ex

230 1511 359 1577 ultimis
378 1518 477 1577 terris
499 1512 581 1595 quid
602 1523 720 1597 ageret
741 1518 843 1577 curae
864 1511 927 1576 sibi
949 1511 1092 1576 haberet
1114 1511 1295 1576 certierem

229 1620 341 1686 facere
362 1620 532 1686 Atticum.
580 1621 662 1688 Hac
683 1623 784 1705 quale
805 1620 858 1699 sit,
881 1621 1011 1687 facilius
1033 1619 1245 1686 existimabit
1267 1620 1295 1685 is

229 1734 288 1813 qui
309 1729 461 1796 iudicare
482 1730 611 1814 poterit
631 1740 780 1814 quantae
801 1731 844 1797 sit
866 1730 1051 1813 sapientiae
1072 1735 1193 1795 earum
1216 1728 1295 1794 reti·

229 1845 309 1903 nere
330 1845 433 1904 usum
456 1839 814 1923 benevolentiamque,
838 1837 926 1906 inter
949 1844 1038 1922 ques
1062 1838 1294 1903 maximarum
1348 1836 1351 1841 ⁴

175 1971 205 2021 15
229 1952 343 2012 rerum
365 1953 436 2012 nen
459 1949 572 2012 salum
594 1949 790 2026 aemulatia,
814 1949 873 2014 sed
894 1948 1104 2014 obtrectatie
1127 1958 1222 2013 tanta
1245 1947 1295 2012 in-

229 2056 439 2135 tercedebat,
459 2067 623 2141 quantam
642 2057 705 2123 fuit
724 2079 864 2123 necesse
884 2057 972 2122 inter
990 2056 1172 2123 Caesarem
1190 2068 1294 2141 atque

228 2163 434 2243 Antanium,
453 2186 532 2231 cum
552 2172 588 2231 se
606 2176 751 2250 uterque
770 2166 962 2250 principem
980 2173 1051 2231 nen
1070 2168 1184 2231 salum
1201 2166 1295 2231 urbis

229 2273 373 2350 Ramae,
392 2274 451 2339 sed
469 2275 562 2340 orbis
581 2281 751 2340 terrarum
770 2296 843 2341 esse
862 2285 1013 2359 cuperet.

298 2381 401 2447 XXI.
421 2382 497 2448 Tali
515 2382 623 2448 moda
642 2405 722 2449 cum
740 2395 874 2468 septem
893 2396 928 2450 et
945 2385 1167 2470 septuaginta
1185 2391 1295 2450 annas

173 2515 207 2551 20
228 2491 433 2575 complesset
452 2502 555 2576 atque
576 2491 618 2558 ad
639 2499 832 2558 extremam
853 2501 1070 2560 senectutem
1089 2502 1160 2560 nen
1180 2495 1294 2558 minus

227 2599 400 2684 dignitate
434 2622 538 2685 quam
571 2601 682 2686 gratia
715 2603 924 2687 fortuneque
958 2604 1294 2670 crevisset-multas

226 2709 318 2774 enim
339 2709 548 2776 hereditates
569 2711 662 2776 nulla
682 2711 747 2777 alia
768 2718 803 2777 re
825 2733 929 2796 quam
950 2712 1107 2779 bonitate
1129 2718 1293 2778 censecu-

228 2829 284 2883 tus
309 2826 573 2904 est-tantaque
600 2822 829 2905 prosperitate
854 2828 937 2887 usus
962 2834 1051 2888 esset
1077 2821 1293 2899 valetudinis,

228 2937 265 2992 ut
287 2933 384 2993 annis
407 2927 550 3013 triginta
571 2929 745 2996 medicina
765 2936 836 2996 nen
858 2931 1074 3015 indiguisset,
1097 2942 1218 2997 nactus
1242 2940 1292 2996 est

173 3055 204 3105 ας
228 3037 401 3114 morbum,
419 3058 523 3121 quem
541 3038 639 3105 initia
657 3041 780 3124 etipse
799 3050 833 3106 et
851 3040 976 3105 medici
994 3046 1293 3122 contempserunt;

227 3165 307 3208 nam
327 3152 491 3228 putarunt
512 3169 586 3212 esse
606 3154 800 3225 tenesmon,
822 3148 876 3213 cui
898 3149 1049 3214 remedia
1069 3148 1192 3213 celeria
1213 3147 1294 3212 faci-

228 3253 339 3337 liaque
363 3258 656 3339 prepenebantur.
706 3258 748 3322 In
771 3257 838 3322 hac
862 3278 942 3322 cum
967 3264 1035 3321 tres
1059 3262 1195 3322 menses
1219 3256 1293 3320 sine

228 3362 304 3427 siffis
326 3362 514 3441 dolaribus‚
538 3375 781 3449 praeterquam
802 3371 891 3450 ques
914 3388 958 3432 ex
982 3365 1159 3431 curatiane
1183 3364 1293 3447 capie-

226 3472 295 3548 bat,
312 3473 596 3557 censumpsisset,
615 3474 730 3539 subite
748 3485 842 3540 tanta
860 3481 911 3539 vis
930 3476 1044 3540 morbi
1063 3475 1096 3538 in
1114 3481 1225 3538 imum
1243 3475 1293 3537 in-

172 3603 205 3652 30
226 3586 392 3645 testinum
421 3579 589 3666 principit,
621 3594 657 3648 ut
689 3589 847 3649 extreme
876 3593 1035 3665 ternpore
1065 3604 1126 3665 per
1155 3583 1293 3648 lumbes

227 3688 360 3755 fistulae
378 3691 472 3775 puris
489 3689 674 3775 eruperint.
716 3691 834 3773 Atque
854 3691 920 3756 hec
939 3690 1137 3774 priusquam
1158 3697 1188 3756 ei
1206 3689 1292 3755 acei-

227 3798 332 3874 deret,
357 3809 543 3889 postquam
569 3799 604 3870 in
630 3800 703 3872 dies
729 3801 866 3872 doleres
891 3807 1084 3872 accrescere
1111 3799 1291 3889 febresque
