<?xml version="1.0" encoding="UTF-8"?>
<!DOCTYPE html PUBLIC "-//W3C//DTD XHTML 1.0 Transitional//EN"
    "http://www.w3.org/TR/xhtml1/DTD/xhtml1-transitional.dtd">
<html xmlns="http://www.w3.org/1999/xhtml" xml:lang="en" lang="en">
 <head>
  <title>
</title>
<meta http-equiv="Content-Type" content="text/html;charset=utf-8" />
  <meta name='ocr-system' content='tesseract 3.04.00' />
  <meta name='ocr-capabilities' content='ocr_page ocr_carea ocr_par ocr_line ocrx_word'/>
</head>
<body>
  <div class='ocr_page' id='page_1' title='image "./selectedlivesne00unkngoog_0056.png"; bbox 0 0 2992 4358; ppageno 0'>
   <div class='ocr_carea' id='block_1_1' title="bbox 659 197 1311 272">
    <p class='ocr_par' dir='ltr' id='par_1_1' title="bbox 659 197 1311 272">
     <span class='ocr_line' id='line_1_1' title="bbox 659 197 1311 272; baseline -0.005 -16"><span class='ocrx_word' id='word_1_1' title='bbox 659 197 898 256; x_wconf 82' lang='lat' dir='ltr'><strong>ALCIBIADES</strong></span> <span class='ocrx_word' id='word_1_2' title='bbox 1270 198 1311 272; x_wconf 90' lang='lat'><strong>27</strong></span> 
     </span>
    </p>
   </div>
   <div class='ocr_carea' id='block_1_2' title="bbox 148 377 1352 3195">
    <p class='ocr_par' dir='ltr' id='par_1_2' title="bbox 148 377 1352 3195">
     <span class='ocr_line' id='line_1_2' title="bbox 243 377 1309 468; baseline 0.004 -22"><span class='ocrx_word' id='word_1_3' title='bbox 243 381 337 464; x_wconf 93' lang='lat' dir='ltr'><strong>quod</strong></span> <span class='ocrx_word' id='word_1_4' title='bbox 360 377 553 466; x_wconf 86' lang='lat' dir='ltr'><strong>gerendum</strong></span> <span class='ocrx_word' id='word_1_5' title='bbox 576 381 650 466; x_wconf 91' lang='lat' dir='ltr'><strong>ipse</strong></span> <span class='ocrx_word' id='word_1_6' title='bbox 673 382 746 446; x_wconf 93' lang='lat' dir='ltr'><strong>dux</strong></span> <span class='ocrx_word' id='word_1_7' title='bbox 770 381 924 449; x_wconf 87' lang='lat' dir='ltr'><strong>delectus</strong></span> <span class='ocrx_word' id='word_1_8' title='bbox 949 394 1011 462; x_wconf 88' lang='lat' dir='ltr'><strong>est,</strong></span> <span class='ocrx_word' id='word_1_9' title='bbox 1037 383 1108 449; x_wconf 93' lang='lat' dir='ltr'><strong>duo</strong></span> <span class='ocrx_word' id='word_1_10' title='bbox 1133 391 1309 468; x_wconf 62' lang='lat' dir='ltr'><strong>praetereat</strong></span> 
     </span>
     <span class='ocr_line' id='line_1_3' title="bbox 243 490 1308 577; baseline 0.004 -22"><span class='ocrx_word' id='word_1_11' title='bbox 243 491 398 574; x_wconf 86' lang='lat' dir='ltr'><strong>collegae</strong></span> <span class='ocrx_word' id='word_1_12' title='bbox 417 490 499 568; x_wconf 92' lang='lat' dir='ltr'><strong>dati,</strong></span> <span class='ocrx_word' id='word_1_13' title='bbox 520 491 639 556; x_wconf 77' lang='lat' dir='ltr'><strong>Nicias</strong></span> <span class='ocrx_word' id='word_1_14' title='bbox 660 502 694 557; x_wconf 89' lang='lat' dir='ltr'><strong>et</strong></span> <span class='ocrx_word' id='word_1_15' title='bbox 715 491 921 558; x_wconf 78' lang='lat' dir='ltr'><strong>Lamachus.</strong></span> <span class='ocrx_word' id='word_1_16' title='bbox 967 492 1008 557; x_wconf 94' lang='lat' dir='ltr'><strong>Id</strong></span> <span class='ocrx_word' id='word_1_17' title='bbox 1028 514 1109 558; x_wconf 87' lang='lat' dir='ltr'><strong>cum</strong></span> <span class='ocrx_word' id='word_1_18' title='bbox 1128 499 1308 577; x_wconf 80' lang='lat' dir='ltr'><strong>apparare·</strong></span> 
     </span>
     <span class='ocr_line' id='line_1_4' title="bbox 242 599 1307 683; baseline 0.002 -19"><span class='ocrx_word' id='word_1_19' title='bbox 242 610 307 676; x_wconf 88' lang='lat' dir='ltr'><strong>tur,</strong></span> <span class='ocrx_word' id='word_1_20' title='bbox 324 599 418 683; x_wconf 88' lang='lat' dir='ltr'><strong>prius</strong></span> <span class='ocrx_word' id='word_1_21' title='bbox 435 621 539 683; x_wconf 90' lang='lat' dir='ltr'><strong>quarn</strong></span> <span class='ocrx_word' id='word_1_22' title='bbox 556 600 672 665; x_wconf 87' lang='lat' dir='ltr'><strong>classis</strong></span> <span class='ocrx_word' id='word_1_23' title='bbox 689 606 811 679; x_wconf 89' lang='lat' dir='ltr'><strong>exiret,</strong></span> <span class='ocrx_word' id='word_1_24' title='bbox 829 601 954 667; x_wconf 87' lang='lat' dir='ltr'><strong>accidit</strong></span> <span class='ocrx_word' id='word_1_25' title='bbox 972 607 1094 667; x_wconf 74' lang='lat' dir='ltr'><strong>utrina</strong></span> <span class='ocrx_word' id='word_1_26' title='bbox 1112 613 1215 668; x_wconf 90' lang='lat' dir='ltr'><strong>nocte</strong></span> <span class='ocrx_word' id='word_1_27' title='bbox 1233 622 1307 668; x_wconf 89' lang='lat' dir='ltr'><strong>om-</strong></span> 
     </span>
     <span class='ocr_line' id='line_1_5' title="bbox 241 708 1308 794; baseline 0.002 -21"><span class='ocrx_word' id='word_1_28' title='bbox 241 714 301 773; x_wconf 92' lang='lat' dir='ltr'><strong>nes</strong></span> <span class='ocrx_word' id='word_1_29' title='bbox 323 708 487 786; x_wconf 88' lang='lat' dir='ltr'><strong>Hermae,</strong></span> <span class='ocrx_word' id='word_1_30' title='bbox 508 715 568 792; x_wconf 91' lang='lat' dir='ltr'><strong>qui</strong></span> <span class='ocrx_word' id='word_1_31' title='bbox 588 708 623 773; x_wconf 91' lang='lat' dir='ltr'><strong>in</strong></span> <span class='ocrx_word' id='word_1_32' title='bbox 643 709 774 794; x_wconf 81' lang='lat' dir='ltr'><strong>oppide</strong></span> <span class='ocrx_word' id='word_1_33' title='bbox 795 721 891 776; x_wconf 87' lang='lat' dir='ltr'><strong>erant</strong></span> <span class='ocrx_word' id='word_1_34' title='bbox 910 711 1069 787; x_wconf 73' lang='lat' dir='ltr'><strong>Athenis</strong></span> <span class='ocrx_word' id='word_1_35' title='bbox 1091 711 1308 777; x_wconf 87' lang='lat' dir='ltr'><strong>deicerentur</strong></span> 
     </span>
     <span class='ocr_line' id='line_1_6' title="bbox 206 819 1307 904; baseline -0.002 -18"><span class='ocrx_word' id='word_1_36' title='bbox 206 836 220 886; x_wconf 80' lang='lat'>5</span> <span class='ocrx_word' id='word_1_37' title='bbox 241 828 375 901; x_wconf 90' lang='lat' dir='ltr'><strong>praeter</strong></span> <span class='ocrx_word' id='word_1_38' title='bbox 394 823 515 895; x_wconf 87' lang='lat' dir='ltr'><strong>unum,</strong></span> <span class='ocrx_word' id='word_1_39' title='bbox 536 824 596 901; x_wconf 91' lang='lat' dir='ltr'><strong>qui</strong></span> <span class='ocrx_word' id='word_1_40' title='bbox 616 828 695 884; x_wconf 91' lang='lat' dir='ltr'><strong>ante</strong></span> <span class='ocrx_word' id='word_1_41' title='bbox 717 819 854 886; x_wconf 81' lang='lat' dir='ltr'><strong>ianuam</strong></span> <span class='ocrx_word' id='word_1_42' title='bbox 877 831 949 886; x_wconf 85' lang='lat' dir='ltr'><strong>erat</strong></span> <span class='ocrx_word' id='word_1_43' title='bbox 968 819 1307 904; x_wconf 83' lang='lat' dir='ltr'><strong>Andocidi—itaque</strong></span> 
     </span>
     <span class='ocr_line' id='line_1_7' title="bbox 239 909 1307 1011; baseline 0.003 -21"><span class='ocrx_word' id='word_1_44' title='bbox 239 927 294 992; x_wconf 90' lang='lat' dir='ltr'><strong>ille</strong></span> <span class='ocrx_word' id='word_1_45' title='bbox 307 933 429 1011; x_wconf 75' lang='lat' dir='ltr'><strong>postee</strong></span> <span class='ocrx_word' id='word_1_46' title='bbox 443 927 638 993; x_wconf 89' lang='lat' dir='ltr'><strong>Mercurius</strong></span> <span class='ocrx_word' id='word_1_47' title='bbox 651 927 826 994; x_wconf 84' lang='lat' dir='ltr'>Andocidi</span> <span class='ocrx_word' id='word_1_48' title='bbox 840 928 1012 994; x_wconf 76' lang='lat' dir='ltr'><strong>vocitetus</strong></span> <span class='ocrx_word' id='word_1_49' title='bbox 1027 940 1089 995; x_wconf 89' lang='lat' dir='ltr'><strong>est.</strong></span> <span class='ocrx_word' id='word_1_50' title='bbox 1130 929 1211 995; x_wconf 82' lang='lat' dir='ltr'><strong>Hec</strong></span> <span class='ocrx_word' id='word_1_51' title='bbox 1226 909 1307 994; x_wconf 83' lang='lat' dir='ltr'><strong>cum</strong></span> 
     </span>
     <span class='ocr_line' id='line_1_8' title="bbox 240 1037 1306 1122; baseline 0.001 -21"><span class='ocrx_word' id='word_1_52' title='bbox 240 1042 420 1121; x_wconf 70' lang='lat' dir='ltr'><strong>appeteret</strong></span> <span class='ocrx_word' id='word_1_53' title='bbox 440 1043 511 1101; x_wconf 77' lang='lat' dir='ltr'><strong>nen</strong></span> <span class='ocrx_word' id='word_1_54' title='bbox 530 1037 603 1103; x_wconf 91' lang='lat' dir='ltr'><strong>sine</strong></span> <span class='ocrx_word' id='word_1_55' title='bbox 622 1044 751 1122; x_wconf 78' lang='lat' dir='ltr'><strong>magua</strong></span> <span class='ocrx_word' id='word_1_56' title='bbox 770 1039 960 1103; x_wconf 82' lang='lat' dir='ltr'><strong>multerum</strong></span> <span class='ocrx_word' id='word_1_57' title='bbox 981 1037 1210 1104; x_wconf 78' lang='lat' dir='ltr'><strong>censensiene</strong></span> <span class='ocrx_word' id='word_1_58' title='bbox 1232 1058 1306 1104; x_wconf 90' lang='lat' dir='ltr'><strong>esse</strong></span> 
     </span>
     <span class='ocr_line' id='line_1_9' title="bbox 240 1145 1306 1232; baseline 0.001 -22"><span class='ocrx_word' id='word_1_59' title='bbox 240 1145 380 1224; x_wconf 85' lang='lat' dir='ltr'><strong>iactum,</strong></span> <span class='ocrx_word' id='word_1_60' title='bbox 405 1167 493 1229; x_wconf 90' lang='lat' dir='ltr'><strong>quae</strong></span> <span class='ocrx_word' id='word_1_61' title='bbox 518 1153 589 1212; x_wconf 81' lang='lat' dir='ltr'><strong>nen</strong></span> <span class='ocrx_word' id='word_1_62' title='bbox 612 1146 655 1213; x_wconf 89' lang='lat' dir='ltr'><strong>ad</strong></span> <span class='ocrx_word' id='word_1_63' title='bbox 680 1153 860 1231; x_wconf 62' lang='lat' dir='ltr'><strong>privatam,</strong></span> <span class='ocrx_word' id='word_1_64' title='bbox 885 1146 944 1212; x_wconf 93' lang='lat' dir='ltr'><strong>sed</strong></span> <span class='ocrx_word' id='word_1_65' title='bbox 969 1147 1011 1212; x_wconf 90' lang='lat' dir='ltr'><strong>ad</strong></span> <span class='ocrx_word' id='word_1_66' title='bbox 1035 1147 1209 1232; x_wconf 78' lang='lat' dir='ltr'><strong>publicam</strong></span> <span class='ocrx_word' id='word_1_67' title='bbox 1234 1167 1306 1212; x_wconf 90' lang='lat' dir='ltr'><strong>rem</strong></span> 
     </span>
     <span class='ocr_line' id='line_1_10' title="bbox 240 1255 1307 1341; baseline 0.001 -21"><span class='ocrx_word' id='word_1_68' title='bbox 240 1255 440 1339; x_wconf 89' lang='lat' dir='ltr'><strong>pertineret,</strong></span> <span class='ocrx_word' id='word_1_69' title='bbox 467 1262 616 1341; x_wconf 59' lang='lat' dir='ltr'><strong>magnus</strong></span> <span class='ocrx_word' id='word_1_70' title='bbox 643 1255 857 1322; x_wconf 81' lang='lat' dir='ltr'><strong>multitudini</strong></span> <span class='ocrx_word' id='word_1_71' title='bbox 883 1257 988 1322; x_wconf 88' lang='lat' dir='ltr'><strong>timor</strong></span> <span class='ocrx_word' id='word_1_72' title='bbox 1014 1266 1066 1322; x_wconf 92' lang='lat' dir='ltr'><strong>est</strong></span> <span class='ocrx_word' id='word_1_73' title='bbox 1091 1256 1236 1322; x_wconf 89' lang='lat' dir='ltr'><strong>iniectus</strong></span> <span class='ocrx_word' id='word_1_74' title='bbox 1262 1261 1307 1321; x_wconf 89' lang='lat' dir='ltr'><strong>ne</strong></span> 
     </span>
     <span class='ocr_line' id='line_1_11' title="bbox 190 1365 1307 1450; baseline -0.003 -18"><span class='ocrx_word' id='word_1_75' title='bbox 190 1395 221 1432; x_wconf 82' lang='grc' dir='ltr'><strong>ιο</strong></span> <span class='ocrx_word' id='word_1_76' title='bbox 240 1386 307 1449; x_wconf 90' lang='lat' dir='ltr'><strong>qua</strong></span> <span class='ocrx_word' id='word_1_77' title='bbox 323 1371 503 1448; x_wconf 87' lang='lat' dir='ltr'><strong>repentina</strong></span> <span class='ocrx_word' id='word_1_78' title='bbox 520 1372 571 1432; x_wconf 95' lang='lat' dir='ltr'><strong>vis</strong></span> <span class='ocrx_word' id='word_1_79' title='bbox 588 1365 623 1430; x_wconf 94' lang='lat' dir='ltr'><strong>in</strong></span> <span class='ocrx_word' id='word_1_80' title='bbox 640 1366 779 1432; x_wconf 80' lang='lat' dir='ltr'><strong>civitate</strong></span> <span class='ocrx_word' id='word_1_81' title='bbox 797 1365 987 1444; x_wconf 87' lang='lat' dir='ltr'><strong>exsisteret,</strong></span> <span class='ocrx_word' id='word_1_82' title='bbox 1005 1387 1095 1450; x_wconf 93' lang='lat' dir='ltr'><strong>quae</strong></span> <span class='ocrx_word' id='word_1_83' title='bbox 1113 1365 1307 1431; x_wconf 79' lang='lat' dir='ltr'><strong>libertatem</strong></span> 
     </span>
     <span class='ocr_line' id='line_1_12' title="bbox 240 1460 1307 1558; baseline -0.001 -19"><span class='ocrx_word' id='word_1_84' title='bbox 240 1474 453 1557; x_wconf 91' lang='lat' dir='ltr'><strong>opprimeret</strong></span> <span class='ocrx_word' id='word_1_85' title='bbox 468 1460 597 1558; x_wconf 81' lang='lat' dir='ltr'><strong>populi.¹</strong></span> <span class='ocrx_word' id='word_1_86' title='bbox 639 1475 721 1540; x_wconf 80' lang='lat' dir='ltr'><strong>Hec</strong></span> <span class='ocrx_word' id='word_1_87' title='bbox 737 1475 891 1540; x_wconf 74' lang='lat' dir='ltr'><strong>maixime</strong></span> <span class='ocrx_word' id='word_1_88' title='bbox 906 1480 1092 1540; x_wconf 87' lang='lat' dir='ltr'><strong>convenire</strong></span> <span class='ocrx_word' id='word_1_89' title='bbox 1108 1474 1143 1539; x_wconf 91' lang='lat' dir='ltr'><strong>in</strong></span> <span class='ocrx_word' id='word_1_90' title='bbox 1157 1472 1307 1539; x_wconf 84' lang='lat' dir='ltr'><strong>Alcibia-</strong></span> 
     </span>
     <span class='ocr_line' id='line_1_13' title="bbox 240 1582 1306 1668; baseline 0 -21"><span class='ocrx_word' id='word_1_91' title='bbox 240 1582 319 1649; x_wconf 89' lang='lat' dir='ltr'><strong>dem</strong></span> <span class='ocrx_word' id='word_1_92' title='bbox 341 1583 533 1660; x_wconf 76' lang='lat' dir='ltr'><strong>videbatur,</strong></span> <span class='ocrx_word' id='word_1_93' title='bbox 556 1583 650 1668; x_wconf 86' lang='lat' dir='ltr'><strong>quod</strong></span> <span class='ocrx_word' id='word_1_94' title='bbox 671 1593 706 1649; x_wconf 88' lang='lat' dir='ltr'><strong>et</strong></span> <span class='ocrx_word' id='word_1_95' title='bbox 726 1584 903 1667; x_wconf 89' lang='lat' dir='ltr'><strong>potentior</strong></span> <span class='ocrx_word' id='word_1_96' title='bbox 924 1593 958 1649; x_wconf 93' lang='lat' dir='ltr'><strong>et</strong></span> <span class='ocrx_word' id='word_1_97' title='bbox 980 1583 1091 1649; x_wconf 77' lang='lat' dir='ltr'><strong>meior</strong></span> <span class='ocrx_word' id='word_1_98' title='bbox 1112 1603 1216 1666; x_wconf 92' lang='lat' dir='ltr'><strong>quam</strong></span> <span class='ocrx_word' id='word_1_99' title='bbox 1239 1589 1306 1667; x_wconf 93' lang='lat' dir='ltr'><strong>pri·</strong></span> 
     </span>
     <span class='ocr_line' id='line_1_14' title="bbox 157 1691 1307 1770; baseline 0 -13"><span class='ocrx_word' id='word_1_100' title='bbox 157 1735 160 1741; x_wconf 90' lang='lat'><em>-</em></span> <span class='ocrx_word' id='word_1_101' title='bbox 240 1697 340 1758; x_wconf 71' lang='lat' dir='ltr'><strong>vetus</strong></span> <span class='ocrx_word' id='word_1_102' title='bbox 360 1693 640 1770; x_wconf 60' lang='lat' dir='ltr'><strong>existimabitun</strong></span> <span class='ocrx_word' id='word_1_103' title='bbox 660 1694 789 1758; x_wconf 81' lang='lat' dir='ltr'><strong>multes</strong></span> <span class='ocrx_word' id='word_1_104' title='bbox 808 1693 900 1759; x_wconf 92' lang='lat' dir='ltr'><strong>enim</strong></span> <span class='ocrx_word' id='word_1_105' title='bbox 921 1691 1123 1758; x_wconf 59' lang='lat' dir='ltr'><strong>liberalitate</strong></span> <span class='ocrx_word' id='word_1_106' title='bbox 1143 1691 1307 1757; x_wconf 92' lang='lat' dir='ltr'><strong>devinxe-</strong></span> 
     </span>
     <span class='ocr_line' id='line_1_15' title="bbox 239 1801 1309 1888; baseline 0 -22"><span class='ocrx_word' id='word_1_107' title='bbox 239 1813 305 1880; x_wconf 85' lang='lat' dir='ltr'>rat,</span> <span class='ocrx_word' id='word_1_108' title='bbox 326 1803 441 1888; x_wconf 80' lang='lat' dir='ltr'><strong>plures</strong></span> <span class='ocrx_word' id='word_1_109' title='bbox 462 1802 567 1869; x_wconf 92' lang='lat' dir='ltr'><strong>etiam</strong></span> <span class='ocrx_word' id='word_1_110' title='bbox 588 1808 696 1887; x_wconf 70' lang='lat' dir='ltr'><strong>operi</strong></span> <span class='ocrx_word' id='word_1_111' title='bbox 717 1802 847 1868; x_wconf 82' lang='lat' dir='ltr'><strong>forensi</strong></span> <span class='ocrx_word' id='word_1_112' title='bbox 869 1808 951 1867; x_wconf 83' lang='lat' dir='ltr'><strong>sues</strong></span> <span class='ocrx_word' id='word_1_113' title='bbox 973 1801 1179 1867; x_wconf 85' lang='lat' dir='ltr'><strong>reddiderat.</strong></span> <span class='ocrx_word' id='word_1_114' title='bbox 1226 1801 1309 1885; x_wconf 74' lang='lat' dir='ltr'><strong>Que</strong></span> 
     </span>
     <span class='ocr_line' id='line_1_16' title="bbox 191 1908 1306 1994; baseline -0.007 -14"><span class='ocrx_word' id='word_1_115' title='bbox 191 1943 220 1993; x_wconf 82' lang='lat'><strong>15</strong></span> <span class='ocrx_word' id='word_1_116' title='bbox 241 1917 277 1975; x_wconf 88' lang='lat' dir='ltr'><strong>re</strong></span> <span class='ocrx_word' id='word_1_117' title='bbox 295 1909 398 1976; x_wconf 85' lang='lat' dir='ltr'><strong>fiebat</strong></span> <span class='ocrx_word' id='word_1_118' title='bbox 418 1921 456 1975; x_wconf 90' lang='lat' dir='ltr'><strong>ut</strong></span> <span class='ocrx_word' id='word_1_119' title='bbox 475 1910 634 1976; x_wconf 89' lang='lat' dir='ltr'><strong>omnium</strong></span> <span class='ocrx_word' id='word_1_120' title='bbox 654 1911 786 1988; x_wconf 71' lang='lat' dir='ltr'><strong>ocules</strong></span> <span class='ocrx_word' id='word_1_121' title='bbox 807 1910 1122 1994; x_wconf 72' lang='lat' dir='ltr'><strong>quotienscumque</strong></span> <span class='ocrx_word' id='word_1_122' title='bbox 1141 1909 1176 1974; x_wconf 90' lang='lat' dir='ltr'><strong>in</strong></span> <span class='ocrx_word' id='word_1_123' title='bbox 1195 1908 1306 1993; x_wconf 79' lang='lat' dir='ltr'><strong>publi·</strong></span> 
     </span>
     <span class='ocr_line' id='line_1_17' title="bbox 240 2017 1306 2104; baseline -0.003 -20"><span class='ocrx_word' id='word_1_124' title='bbox 240 2039 319 2084; x_wconf 85' lang='lat' dir='ltr'><strong>cum</strong></span> <span class='ocrx_word' id='word_1_125' title='bbox 334 2019 516 2104; x_wconf 80' lang='lat' dir='ltr'><strong>predisset,</strong></span> <span class='ocrx_word' id='word_1_126' title='bbox 532 2018 574 2085; x_wconf 89' lang='lat' dir='ltr'><strong>ad</strong></span> <span class='ocrx_word' id='word_1_127' title='bbox 589 2026 626 2085; x_wconf 89' lang='lat' dir='ltr'><strong>se</strong></span> <span class='ocrx_word' id='word_1_128' title='bbox 640 2029 857 2086; x_wconf 89' lang='lat' dir='ltr'><strong>converteret</strong></span> <span class='ocrx_word' id='word_1_129' title='bbox 871 2039 984 2102; x_wconf 90' lang='lat' dir='ltr'><strong>neque</strong></span> <span class='ocrx_word' id='word_1_130' title='bbox 1001 2024 1032 2084; x_wconf 89' lang='lat' dir='ltr'><strong>ei</strong></span> <span class='ocrx_word' id='word_1_131' title='bbox 1047 2024 1110 2102; x_wconf 72' lang='lat' dir='ltr'><strong>per</strong></span> <span class='ocrx_word' id='word_1_132' title='bbox 1124 2017 1306 2101; x_wconf 90' lang='lat' dir='ltr'><strong>quisquam</strong></span> 
     </span>
     <span class='ocr_line' id='line_1_18' title="bbox 241 2125 1331 2213; baseline -0.001 -21"><span class='ocrx_word' id='word_1_133' title='bbox 241 2128 276 2192; x_wconf 93' lang='lat' dir='ltr'><strong>in</strong></span> <span class='ocrx_word' id='word_1_134' title='bbox 300 2127 438 2194; x_wconf 73' lang='lat' dir='ltr'><strong>civitete</strong></span> <span class='ocrx_word' id='word_1_135' title='bbox 462 2134 658 2213; x_wconf 77' lang='lat' dir='ltr'><strong>peneretur.</strong></span> <span class='ocrx_word' id='word_1_136' title='bbox 707 2128 830 2211; x_wconf 89' lang='lat' dir='ltr'><strong>Itaque</strong></span> <span class='ocrx_word' id='word_1_137' title='bbox 853 2133 924 2192; x_wconf 80' lang='lat' dir='ltr'><strong>nen</strong></span> <span class='ocrx_word' id='word_1_138' title='bbox 948 2127 1062 2193; x_wconf 79' lang='lat' dir='ltr'><strong>selum</strong></span> <span class='ocrx_word' id='word_1_139' title='bbox 1085 2146 1182 2209; x_wconf 91' lang='lat' dir='ltr'><strong>spem</strong></span> <span class='ocrx_word' id='word_1_140' title='bbox 1206 2125 1240 2191; x_wconf 92' lang='lat' dir='ltr'><strong>in</strong></span> <span class='ocrx_word' id='word_1_141' title='bbox 1264 2131 1331 2212; x_wconf 24' lang='lat' dir='ltr'><strong>eri·</strong></span> 
     </span>
     <span class='ocr_line' id='line_1_19' title="bbox 240 2234 1307 2319; baseline -0.003 -17"><span class='ocrx_word' id='word_1_142' title='bbox 240 2238 411 2304; x_wconf 73' lang='lat' dir='ltr'><strong>habebant</strong></span> <span class='ocrx_word' id='word_1_143' title='bbox 425 2238 627 2315; x_wconf 80' lang='lat' dir='ltr'><strong>maximam,</strong></span> <span class='ocrx_word' id='word_1_144' title='bbox 642 2237 702 2303; x_wconf 94' lang='lat' dir='ltr'><strong>sed</strong></span> <span class='ocrx_word' id='word_1_145' title='bbox 717 2237 822 2303; x_wconf 89' lang='lat' dir='ltr'><strong>etiarn</strong></span> <span class='ocrx_word' id='word_1_146' title='bbox 837 2237 1010 2313; x_wconf 80' lang='lat' dir='ltr'><strong>timerem,</strong></span> <span class='ocrx_word' id='word_1_147' title='bbox 1025 2234 1120 2319; x_wconf 91' lang='lat' dir='ltr'><strong>quod</strong></span> <span class='ocrx_word' id='word_1_148' title='bbox 1136 2245 1170 2301; x_wconf 91' lang='lat' dir='ltr'><strong>et</strong></span> <span class='ocrx_word' id='word_1_149' title='bbox 1186 2236 1307 2301; x_wconf 92' lang='lat' dir='ltr'><strong>obesse</strong></span> 
     </span>
     <span class='ocr_line' id='line_1_20' title="bbox 240 2342 1352 2432; baseline -0.004 -21"><span class='ocrx_word' id='word_1_150' title='bbox 240 2347 427 2432; x_wconf 87' lang='lat' dir='ltr'><strong>plurimum</strong></span> <span class='ocrx_word' id='word_1_151' title='bbox 443 2356 477 2412; x_wconf 90' lang='lat' dir='ltr'><strong>et</strong></span> <span class='ocrx_word' id='word_1_152' title='bbox 491 2346 655 2431; x_wconf 76' lang='lat' dir='ltr'><strong>predesse</strong></span> <span class='ocrx_word' id='word_1_153' title='bbox 671 2356 817 2431; x_wconf 89' lang='lat' dir='ltr'><strong>poterat.</strong></span> <span class='ocrx_word' id='word_1_154' title='bbox 857 2346 1122 2430; x_wconf 72' lang='lat' dir='ltr'><strong>Aspergebaitur</strong></span> <span class='ocrx_word' id='word_1_155' title='bbox 1137 2344 1241 2409; x_wconf 90' lang='lat' dir='ltr'><strong>etiam</strong></span> <span class='ocrx_word' id='word_1_156' title='bbox 1255 2349 1307 2408; x_wconf 91' lang='lat' dir='ltr'><strong>in·</strong></span> <span class='ocrx_word' id='word_1_157' title='bbox 1341 2342 1352 2419; x_wconf 70' lang='lat' dir='ltr'><strong>t</strong></span> 
     </span>
     <span class='ocr_line' id='line_1_21' title="bbox 190 2452 1307 2540; baseline -0.005 -19"><span class='ocrx_word' id='word_1_158' title='bbox 190 2492 223 2529; x_wconf 86' lang='lat'><strong>20</strong></span> <span class='ocrx_word' id='word_1_159' title='bbox 241 2457 355 2535; x_wconf 70' lang='lat' dir='ltr'><strong>femie,</strong></span> <span class='ocrx_word' id='word_1_160' title='bbox 376 2455 471 2540; x_wconf 89' lang='lat' dir='ltr'><strong>quod</strong></span> <span class='ocrx_word' id='word_1_161' title='bbox 493 2456 528 2520; x_wconf 92' lang='lat' dir='ltr'><strong>in</strong></span> <span class='ocrx_word' id='word_1_162' title='bbox 550 2456 658 2523; x_wconf 79' lang='lat' dir='ltr'><strong>dome</strong></span> <span class='ocrx_word' id='word_1_163' title='bbox 680 2462 742 2521; x_wconf 73' lang='lat' dir='ltr'><strong>sue</strong></span> <span class='ocrx_word' id='word_1_164' title='bbox 763 2456 875 2521; x_wconf 89' lang='lat' dir='ltr'><strong>facere</strong></span> <span class='ocrx_word' id='word_1_165' title='bbox 898 2453 1059 2538; x_wconf 89' lang='lat' dir='ltr'><strong>mysteria</strong></span> <span class='ocrx_word' id='word_1_166' title='bbox 1083 2452 1307 2518; x_wconf 76' lang='lat' dir='ltr'><strong>dicebatur-</strong></span> 
     </span>
     <span class='ocr_line' id='line_1_22' title="bbox 241 2562 1307 2651; baseline -0.006 -20"><span class='ocrx_word' id='word_1_167' title='bbox 241 2566 336 2651; x_wconf 91' lang='lat' dir='ltr'><strong>quod</strong></span> <span class='ocrx_word' id='word_1_168' title='bbox 353 2566 448 2632; x_wconf 75' lang='lat' dir='ltr'><strong>nefes</strong></span> <span class='ocrx_word' id='word_1_169' title='bbox 466 2577 537 2632; x_wconf 88' lang='lat' dir='ltr'><strong>erat</strong></span> <span class='ocrx_word' id='word_1_170' title='bbox 554 2572 652 2631; x_wconf 76' lang='lat' dir='ltr'><strong>mere</strong></span> <span class='ocrx_word' id='word_1_171' title='bbox 669 2563 1088 2646; x_wconf 88' lang='lat' dir='ltr'><strong>Atheniensium-idque</strong></span> <span class='ocrx_word' id='word_1_172' title='bbox 1106 2567 1177 2627; x_wconf 77' lang='lat' dir='ltr'><strong>nen</strong></span> <span class='ocrx_word' id='word_1_173' title='bbox 1195 2562 1238 2626; x_wconf 89' lang='lat' dir='ltr'><strong>ad</strong></span> <span class='ocrx_word' id='word_1_174' title='bbox 1256 2581 1307 2625; x_wconf 88' lang='lat' dir='ltr'><strong>re-</strong></span> 
     </span>
     <span class='ocr_line' id='line_1_23' title="bbox 241 2669 1307 2760; baseline -0.005 -20"><span class='ocrx_word' id='word_1_175' title='bbox 241 2676 419 2760; x_wconf 82' lang='lat' dir='ltr'><strong>ligidnem,</strong></span> <span class='ocrx_word' id='word_1_176' title='bbox 443 2675 502 2742; x_wconf 90' lang='lat' dir='ltr'><strong>sed</strong></span> <span class='ocrx_word' id='word_1_177' title='bbox 524 2675 567 2740; x_wconf 95' lang='lat' dir='ltr'><strong>ad</strong></span> <span class='ocrx_word' id='word_1_178' title='bbox 592 2672 868 2741; x_wconf 72' lang='lat' dir='ltr'><strong>coniuretienem</strong></span> <span class='ocrx_word' id='word_1_179' title='bbox 891 2672 1061 2757; x_wconf 88' lang='lat' dir='ltr'><strong>pertinere</strong></span> <span class='ocrx_word' id='word_1_180' title='bbox 1086 2669 1307 2738; x_wconf 79' lang='lat' dir='ltr'><strong>existimaba-</strong></span> 
     </span>
     <span class='ocr_line' id='line_1_24' title="bbox 240 2795 306 2851; baseline 0 0"><span class='ocrx_word' id='word_1_181' title='bbox 240 2795 306 2851; x_wconf 89' lang='lat' dir='ltr'><strong>tur.</strong></span> 
     </span>
     <span class='ocr_line' id='line_1_25' title="bbox 311 2887 1307 2972; baseline -0.007 -13"><span class='ocrx_word' id='word_1_182' title='bbox 311 2895 373 2961; x_wconf 91' lang='lat' dir='ltr'><strong>IV.</strong></span> <span class='ocrx_word' id='word_1_183' title='bbox 395 2894 477 2960; x_wconf 76' lang='lat' dir='ltr'><strong>Hbc</strong></span> <span class='ocrx_word' id='word_1_184' title='bbox 496 2893 639 2960; x_wconf 89' lang='lat' dir='ltr'><strong>crimine</strong></span> <span class='ocrx_word' id='word_1_185' title='bbox 658 2892 692 2959; x_wconf 88' lang='lat' dir='ltr'><strong>in</strong></span> <span class='ocrx_word' id='word_1_186' title='bbox 711 2891 874 2958; x_wconf 78' lang='lat' dir='ltr'><strong>centidne</strong></span> <span class='ocrx_word' id='word_1_187' title='bbox 893 2891 935 2957; x_wconf 91' lang='lat' dir='ltr'><strong>ab</strong></span> <span class='ocrx_word' id='word_1_188' title='bbox 955 2890 1102 2955; x_wconf 90' lang='lat' dir='ltr'><strong>inimicis</strong></span> <span class='ocrx_word' id='word_1_189' title='bbox 1122 2887 1307 2972; x_wconf 74' lang='lat' dir='ltr'><strong>compelle-</strong></span> 
     </span>
     <span class='ocr_line' id='line_1_26' title="bbox 148 2996 1305 3089; baseline -0.01 -19"><span class='ocrx_word' id='word_1_190' title='bbox 148 3004 151 3007; x_wconf 76' lang='grc'>’</span> <span class='ocrx_word' id='word_1_191' title='bbox 190 3040 220 3089; x_wconf 81' lang='lat'><strong>25</strong></span> <span class='ocrx_word' id='word_1_192' title='bbox 241 3005 354 3071; x_wconf 76' lang='lat' dir='ltr'><strong>betur.</strong></span> <span class='ocrx_word' id='word_1_193' title='bbox 404 3003 473 3070; x_wconf 88' lang='lat' dir='ltr'><strong>Sed</strong></span> <span class='ocrx_word' id='word_1_194' title='bbox 496 3003 646 3070; x_wconf 80' lang='lat' dir='ltr'><strong>instabat</strong></span> <span class='ocrx_word' id='word_1_195' title='bbox 671 3012 809 3085; x_wconf 91' lang='lat' dir='ltr'><strong>tempus</strong></span> <span class='ocrx_word' id='word_1_196' title='bbox 833 3000 875 3066; x_wconf 88' lang='lat' dir='ltr'><strong>ad</strong></span> <span class='ocrx_word' id='word_1_197' title='bbox 900 3000 1030 3066; x_wconf 91' lang='lat' dir='ltr'><strong>bellum</strong></span> <span class='ocrx_word' id='word_1_198' title='bbox 1054 2996 1305 3082; x_wconf 88' lang='lat' dir='ltr'><strong>proficiscendi.</strong></span> 
     </span>
     <span class='ocr_line' id='line_1_27' title="bbox 243 3109 1308 3195; baseline -0.009 -16"><span class='ocrx_word' id='word_1_199' title='bbox 243 3114 284 3179; x_wconf 91' lang='lat' dir='ltr'><strong>Id</strong></span> <span class='ocrx_word' id='word_1_200' title='bbox 303 3114 358 3179; x_wconf 88' lang='lat' dir='ltr'><strong>ille</strong></span> <span class='ocrx_word' id='word_1_201' title='bbox 377 3113 514 3179; x_wconf 89' lang='lat' dir='ltr'><strong>intuens</strong></span> <span class='ocrx_word' id='word_1_202' title='bbox 533 3133 646 3195; x_wconf 90' lang='lat' dir='ltr'><strong>neque</strong></span> <span class='ocrx_word' id='word_1_203' title='bbox 663 3116 830 3195; x_wconf 74' lang='lat' dir='ltr'><strong>igndrens</strong></span> <span class='ocrx_word' id='word_1_204' title='bbox 851 3109 979 3175; x_wconf 89' lang='lat' dir='ltr'><strong>civium</strong></span> <span class='ocrx_word' id='word_1_205' title='bbox 1000 3114 1142 3173; x_wconf 76' lang='lat' dir='ltr'><strong>suerum</strong></span> <span class='ocrx_word' id='word_1_206' title='bbox 1163 3110 1308 3173; x_wconf 81' lang='lat' dir='ltr'><strong>censue-</strong></span> 
     </span>
    </p>
   </div>
   <div class='ocr_carea' id='block_1_3' title="bbox 191 3323 1310 3853">
    <p class='ocr_par' dir='ltr' id='par_1_3' title="bbox 191 3323 1310 3853">
     <span class='ocr_line' id='line_1_28' title="bbox 242 3323 1309 3418; baseline -0.014 -18"><span class='ocrx_word' id='word_1_207' title='bbox 242 3344 421 3418; x_wconf 88' lang='lat' dir='ltr'><strong>praesente</strong></span> <span class='ocrx_word' id='word_1_208' title='bbox 438 3331 597 3417; x_wconf 80' lang='lat' dir='ltr'><strong>quaestie</strong></span> <span class='ocrx_word' id='word_1_209' title='bbox 613 3331 806 3406; x_wconf 73' lang='lat' dir='ltr'><strong>haberetur,</strong></span> <span class='ocrx_word' id='word_1_210' title='bbox 823 3348 928 3412; x_wconf 90' lang='lat' dir='ltr'><strong>quam</strong></span> <span class='ocrx_word' id='word_1_211' title='bbox 944 3327 1066 3397; x_wconf 90' lang='lat' dir='ltr'><strong>absens</strong></span> <span class='ocrx_word' id='word_1_212' title='bbox 1083 3323 1229 3389; x_wconf 89' lang='lat' dir='ltr'><strong>invidiae</strong></span> <span class='ocrx_word' id='word_1_213' title='bbox 1246 3327 1309 3387; x_wconf 88' lang='lat' dir='ltr'><strong>cri-</strong></span> 
     </span>
     <span class='ocr_line' id='line_1_29' title="bbox 243 3430 1310 3519; baseline -0.012 -11"><span class='ocrx_word' id='word_1_214' title='bbox 243 3442 335 3508; x_wconf 91' lang='lat' dir='ltr'><strong>mine</strong></span> <span class='ocrx_word' id='word_1_215' title='bbox 359 3447 587 3508; x_wconf 78' lang='lat' dir='ltr'><strong>accusaretur.</strong></span> <span class='ocrx_word' id='word_1_216' title='bbox 637 3439 773 3505; x_wconf 81' lang='lat' dir='ltr'><strong>Inimici</strong></span> <span class='ocrx_word' id='word_1_217' title='bbox 795 3443 878 3504; x_wconf 79' lang='lat' dir='ltr'><strong>verri</strong></span> <span class='ocrx_word' id='word_1_218' title='bbox 903 3436 977 3503; x_wconf 89' lang='lat' dir='ltr'><strong>eius</strong></span> <span class='ocrx_word' id='word_1_219' title='bbox 1000 3433 1250 3519; x_wconf 90' lang='lat' dir='ltr'><strong>quiescendum</strong></span> <span class='ocrx_word' id='word_1_220' title='bbox 1273 3430 1310 3495; x_wconf 90' lang='lat' dir='ltr'><strong>in</strong></span> 
     </span>
     <span class='ocr_line' id='line_1_30' title="bbox 191 3543 1308 3639; baseline -0.011 -21"><span class='ocrx_word' id='word_1_221' title='bbox 191 3589 225 3639; x_wconf 79' lang='lat'><strong>30</strong></span> <span class='ocrx_word' id='word_1_222' title='bbox 245 3558 427 3636; x_wconf 81' lang='lat' dir='ltr'><strong>praesenti,</strong></span> <span class='ocrx_word' id='word_1_223' title='bbox 454 3551 533 3636; x_wconf 89' lang='lat' dir='ltr'><strong>quia</strong></span> <span class='ocrx_word' id='word_1_224' title='bbox 559 3556 677 3616; x_wconf 90' lang='lat' dir='ltr'><strong>noceri</strong></span> <span class='ocrx_word' id='word_1_225' title='bbox 705 3555 736 3614; x_wconf 90' lang='lat' dir='ltr'><strong>ei</strong></span> <span class='ocrx_word' id='word_1_226' title='bbox 762 3553 833 3612; x_wconf 81' lang='lat' dir='ltr'><strong>nen</strong></span> <span class='ocrx_word' id='word_1_227' title='bbox 860 3567 962 3630; x_wconf 89' lang='lat' dir='ltr'><strong>posse</strong></span> <span class='ocrx_word' id='word_1_228' title='bbox 988 3543 1247 3627; x_wconf 83' lang='lat' dir='ltr'><strong>intellegebant.</strong></span> <span class='ocrx_word' id='word_1_229' title='bbox 1275 3549 1308 3607; x_wconf 93' lang='lat' dir='ltr'><strong>et</strong></span> 
     </span>
     <span class='ocr_line' id='line_1_31' title="bbox 244 3656 1310 3743; baseline -0.013 -17"><span class='ocrx_word' id='word_1_230' title='bbox 244 3661 326 3727; x_wconf 91' lang='lat' dir='ltr'><strong>illud</strong></span> <span class='ocrx_word' id='word_1_231' title='bbox 343 3671 481 3743; x_wconf 89' lang='lat' dir='ltr'><strong>tempus</strong></span> <span class='ocrx_word' id='word_1_232' title='bbox 496 3657 770 3742; x_wconf 89' lang='lat' dir='ltr'><strong>exspectandum</strong></span> <span class='ocrx_word' id='word_1_233' title='bbox 786 3656 1012 3721; x_wconf 88' lang='lat' dir='ltr'><strong>decreverunt</strong></span> <span class='ocrx_word' id='word_1_234' title='bbox 1028 3657 1100 3735; x_wconf 80' lang='lat' dir='ltr'><strong>que</strong></span> <span class='ocrx_word' id='word_1_235' title='bbox 1117 3657 1254 3727; x_wconf 87' lang='lat' dir='ltr'><strong>exisset,</strong></span> <span class='ocrx_word' id='word_1_236' title='bbox 1271 3656 1310 3713; x_wconf 90' lang='lat' dir='ltr'><strong>ut</strong></span> 
     </span>
     <span class='ocr_line' id='line_1_32' title="bbox 245 3760 1310 3853; baseline -0.012 -16"><span class='ocrx_word' id='word_1_237' title='bbox 245 3770 424 3837; x_wconf 90' lang='lat' dir='ltr'><strong>absentem</strong></span> <span class='ocrx_word' id='word_1_238' title='bbox 444 3768 731 3853; x_wconf 86' lang='lat' dir='ltr'><strong>aggrederentur;</strong></span> <span class='ocrx_word' id='word_1_239' title='bbox 752 3764 868 3847; x_wconf 90' lang='lat' dir='ltr'><strong>itaque</strong></span> <span class='ocrx_word' id='word_1_240' title='bbox 889 3763 1054 3828; x_wconf 82' lang='lat' dir='ltr'><strong>fecerunt.</strong></span> <span class='ocrx_word' id='word_1_241' title='bbox 1101 3760 1193 3825; x_wconf 92' lang='lat' dir='ltr'><strong>Nam</strong></span> <span class='ocrx_word' id='word_1_242' title='bbox 1214 3765 1310 3843; x_wconf 88' lang='lat' dir='ltr'><strong>post-</strong></span> 
     </span>
    </p>
   </div>
   <div class='ocr_carea' id='block_1_4' title="bbox 0 0 1500 4358">
    <p class='ocr_par' dir='ltr' id='par_1_4' title="bbox 0 0 1500 4358">
     <span class='ocr_line' id='line_1_33' title="bbox 0 0 1500 4358; baseline 0 5"><span class='ocrx_word' id='word_1_243' title='bbox 0 0 1500 4358; x_wconf 95' lang='lat' dir='ltr'><strong> </strong></span> 
     </span>
    </p>
   </div>
  </div>
 </body>
</html>
