3020 4372
573 994 657 1061 XII.
692 993 964 1061 HANNIBAL

305 1182 332 1247 I.
355 1181 541 1260 Hannibal,
563 1182 771 1248 Hamilcaris
792 1183 892 1261 filius
916 1182 1217 1268 Carthaginiensis.
1264 1182 1301 1250 Si

236 1297 356 1355 verum
380 1301 441 1367 est,
466 1291 561 1373 quod
585 1297 690 1356 nemo
713 1291 858 1369 dubitat,
883 1301 921 1356 ut
946 1292 1096 1375 populus
1120 1291 1301 1356 Remanus

237 1404 359 1464 omnes
386 1404 510 1482 gentes
538 1399 664 1464 virtute
694 1399 873 1483 supererit,
903 1406 974 1464 nen
1003 1410 1055 1465 est
1083 1399 1301 1464 infitiandum

236 1507 468 1581 Hannibalem
510 1513 607 1573 tante
648 1508 859 1591 praestitisse
901 1514 1034 1574 ceteres
1077 1509 1302 1593 imperatores

200 1632 214 1682 5
235 1616 429 1700 prudentie,
449 1622 579 1700 quante
598 1617 748 1700 populus
768 1617 949 1682 Remanus
966 1616 1148 1701 antecedat
1167 1618 1302 1683 fortitu-

236 1725 315 1791 dine
340 1732 482 1791 cunctas
507 1725 679 1804 natienes;
705 1746 785 1790 nam
813 1726 1126 1809 quotienscumque
1152 1748 1231 1791 cum
1258 1732 1301 1791 eo

237 1856 444 1919 congressus
478 1847 528 1900 est
563 1836 597 1900 in
630 1819 741 1913 italie,
776 1856 913 1919 semper
946 1835 1100 1900 discessit
1135 1835 1299 1925 superior.

238 1942 345 2027 Quod
379 1943 442 2008 nisi
475 1944 571 2009 domi
604 1945 731 2009 civium
764 1951 907 2009 suerum
942 1943 1069 2009 invidia
1101 1943 1301 2009 debilitatus

236 2062 334 2130 esset,
359 2053 540 2118 Remanes
563 2053 701 2118 videtur
721 2058 883 2137 superere
908 2053 1074 2136 potuisse.
1123 2051 1191 2118 Sed
1214 2051 1301 2116 mul-

185 2190 218 2228 ιο
236 2168 352 2227 torum
371 2161 577 2227 obtrectetie
597 2161 723 2228 devicit
741 2168 843 2227 unius
862 2162 1035 2228 virtutem.

306 2271 352 2336 ΙΙ.
374 2271 521 2336 Hict
463 2281 521 2336 aut
524 2292 579 2336 em
598 2272 694 2336 velut
712 2271 881 2337 hereditat
868 2283 903 2336 te
923 2271 1020 2337 relict
1007 2281 1083 2336 tum
1103 2264 1222 2336 odium
1243 2291 1302 2353 pa-

236 2391 373 2446 ternum
389 2386 471 2464 erga
486 2380 710 2446 Romenes
683 2402 731 2447 sic
746 2379 972 2457 conservavit,
990 2379 1137 2464 utprius
1152 2379 1302 2444 animam

237 2507 340 2570 quarn
369 2486 403 2551 id
431 2487 640 2571 deposuerit,
669 2493 729 2571 qui
755 2487 906 2571 quidem,
936 2506 1015 2551 curn
1045 2486 1155 2570 patria
1183 2486 1301 2568 pulsus

237 2606 325 2661 esset
343 2606 378 2661 et
394 2596 582 2661 alienarum
599 2618 708 2682 opum
725 2596 906 2680 indigeret
923 2616 1113 2678 numquam
1132 2594 1234 2659 destit
1194 2594 1301 2659 tterit

186 2737 215 2787 15
236 2705 352 2770 anime
368 2706 529 2827 bqllare
512 2727 592 2771 eum
610 2706 787 2770 Romanis.
811 2705 922 2793 Nam
941 2715 979 2770 ut
996 2704 1154 2770 omittam
1174 2701 1302 2785 Philip-

237 2836 332 2898 pum,
352 2836 457 2905 quem
477 2802 600 2880 absens
620 2781 757 2880 hostem
777 2796 924 2879 reddidit
945 2813 1124 2890 Remenis
1145 2812 1302 2878 omnium

237 2930 284 2990 eis
298 2924 513 3007 temporibus
527 2934 650 3008 potent
653 2923 789 2988 issimus
804 2929 865 2988 rex
880 2921 1078 2988 Antiochus
1091 2923 1166 2987 fuit.
1196 2922 1302 2986 Hune

239 3039 332 3098 tante
360 3033 549 3116 cupiditate
577 3030 729 3097 incendit
757 3030 915 3108 bellandi,
944 3041 983 3096 ut
1010 3037 1121 3115 usque
1149 3037 1169 3096 3
1197 3031 1302 3095 rubro

237 3149 322 3207 mari
344 3164 439 3208 arma
460 3148 606 3207 conatus
628 3141 672 3207 sit
692 3141 816 3207 inferre
835 3123 968 3207 italiae.
1015 3141 1072 3205 Ad
1095 3159 1198 3224 quem
1221 3158 1302 3205 cum

184 3288 217 3325 20
238 3252 343 3335 legisti
362 3251 538 3317 venissent
561 3250 723 3327 Remem,
743 3251 866 3333 quide
888 3251 961 3315 eius
981 3249 1160 3316 voluntate
1182 3248 1302 3332 exple-

238 3366 351 3426 rarent
370 3361 559 3444 darentque
579 3379 719 3442 operam
740 3359 890 3423 consiliIs
909 3358 1127 3425 clandestinis
1147 3370 1184 3423 ut
1205 3357 1303 3422 Han-

238 3470 386 3535 nibalem
408 3471 442 3534 in
463 3468 697 3553 suspicienem
720 3475 793 3552 regi
816 3467 1038 3545 adducerent,
1061 3462 1237 3550 tamquam
1260 3468 1302 3532 ab

237 3579 319 3664 ipsis
331 3588 471 3661 corrupt
474 3599 514 3643 us
458 3577 590 3643 talia
602 3587 706 3660 atque
718 3582 818 3642 antee
834 3582 974 3642 sentiret
1001 3597 1115 3659 neque
1130 3576 1163 3640 id
1178 3576 1264 3640 frust
1251 3581 1303 3640 tre

238 3687 397 3753 fecissent
419 3686 522 3770 idque
546 3684 721 3751 Hannibal
745 3683 971 3791 comperisset
996 3690 1100 3767 seque
1123 3684 1238 3749 abt
1189 3694 1238 3748 mt
1240 3682 1303 3749 eri·

183 3814 215 3866 25
239 3796 355 3862 oribus
380 3793 530 3860 consiliis
554 3798 731 3878 segregari
754 3792 906 3870 vidisset,
882 3802 1170 3876 ttemporet
1114 3793 1194 3858 date
1219 3791 1303 3859 adiit

1080 3908 1110 3959 57
