2992 4358
192 209 236 298 46
536 222 727 286 CORNELII
754 222 922 284 Nepotis

198 413 309 491 duxit,
326 419 354 478 si
368 411 537 477 institutis
551 411 680 496 patriae
696 410 875 495 paruisset,
892 431 998 493 quam
1014 417 1042 475 si
1058 410 1149 476 bello
1166 422 1266 492 supe-

198 528 304 587 rasset
322 521 452 586 Asiam.
496 521 576 586 Hac
594 520 702 605 igitur
720 530 837 586 mente
858 519 1128 602 Hellespontum
1149 517 1266 601 copias

199 629 333 696 traiecit
365 635 530 714 tantaque
563 634 646 695 usus
679 640 731 694 est
766 627 950 704 celeritate,
986 638 1034 704 ut,
1070 626 1165 709 quod
1200 626 1267 691 iter

200 739 337 804 Xerxes
354 744 445 803 anno
463 748 618 804 vertente
637 737 842 814 coniecerat,
861 737 917 802 hic
935 735 1107 800 transierit
1123 735 1267 819 triginta

199 846 331 912 diebus
368 845 459 913 Cum
482 847 550 911 iam
575 846 666 911 haud
690 845 736 911 ita
760 846 867 930 longe
890 845 1025 910 abesset
1049 851 1069 908 a
1093 844 1266 927 Pelopon·
1288 858 1301 908 5

138 945 140 949 ¹
199 962 296 1036 neso,
322 957 489 1022 obsistere
515 961 547 1021 ei
573 961 689 1021 conati
716 965 797 1019 sunt
821 953 1051 1018 Athenienses
1078 963 1111 1019 et
1139 952 1267 1018 Boeoti

199 1071 376 1149 ceterique
403 1071 525 1130 eorum
553 1063 637 1130 socii
665 1062 757 1146 apud
786 1061 997 1139 Coroneam
1027 1066 1115 1145 quos
1145 1065 1267 1125 omnes

199 1181 297 1260 gravi
320 1174 452 1258 proelio
475 1174 567 1239 vicit.
617 1172 734 1238 Huius
758 1168 923 1237 victoriae
947 1171 1001 1236 vel
1015 1170 1180 1235 maxima
1203 1169 1267 1233 luit

199 1282 283 1361 laus,
306 1283 412 1367 quod,
435 1304 515 1348 eum
537 1283 692 1367 plerique
714 1304 759 1348 ex
782 1281 866 1365 luga
889 1287 925 1346 se
947 1280 983 1345 in
1005 1279 1176 1363 templum
1200 1278 1269 1342 Mi-

98 1474 100 1477 ·
199 1412 323 1483 nervae
341 1391 567 1457 coniecissent
585 1398 879 1476 quaerereturque
897 1390 939 1455 ab
958 1396 1011 1468 eo,
1029 1389 1113 1473 quid
1132 1395 1180 1456 ets
1199 1387 1267 1453 vel·
1288 1416 1320 1454 ιο

200 1499 246 1565 let
273 1499 355 1577 fieri,
383 1507 447 1565 etsi
472 1501 605 1585 aliquot
630 1502 772 1567 vulnera
798 1484 975 1584 acceperat
1002 1504 1045 1564 eo
1073 1497 1206 1583 proelio
1234 1508 1267 1563 et

198 1612 305 1673 iratus
329 1608 512 1674 videbatur
535 1610 697 1675 omnibus
722 1616 781 1693 qui
804 1609 968 1674 adversus
991 1629 1086 1673 arma
1108 1607 1267 1682 tulerant,

199 1726 314 1784 tamen
333 1718 495 1796 antetulit
513 1725 582 1785 irae
599 1719 806 1803 religionem
826 1730 860 1784 et
880 1725 940 1784 eos
960 1717 1069 1784 vetuit
1088 1715 1220 1782 violari.

270 1825 396 1910 Neque
416 1833 499 1892 vero
521 1828 588 1893 hoe
609 1828 723 1893 solum
744 1828 778 1892 in
801 1827 945 1893 Graecia
966 1826 1056 1904 lecit,
1079 1837 1118 1891 ut
1139 1824 1267 1908 templa

198 1933 345 2002 deorum
364 1941 481 2001 sancta
501 1937 655 2014 haberet,
676 1936 735 2002 sed
755 1936 859 2002 etiam
879 1935 971 2020 apud
992 1936 1155 2000 barbaros
1175 1954 1267 1999 sum·
1288 1959 1318 2012 15

199 2051 257 2110 ma
290 2044 457 2128 religione
491 2045 608 2110 omnia
642 2045 823 2111 simulacra
856 2051 1002 2128 arasque
1038 2042 1266 2110 conservavit.

199 2153 322 2236 Itaque
338 2153 557 2237 praedicabat
573 2160 689 2219 mirari
705 2159 751 2232 se,
768 2160 839 2219 non
856 2154 1104 2238 sacrilegorum
1120 2157 1267 2218 numero

199 2262 316 2328 haberi
347 2269 406 2346 qui
438 2263 651 2347 supplicibus
683 2263 829 2329 deorum
861 2263 1071 2353 nocuissent,
1104 2272 1164 2328 aut
1197 2267 1268 2326 non

198 2370 415 2456 gravioribus
448 2378 568 2455 poenis
601 2372 691 2437 affici
725 2379 784 2455 qui
818 2372 1025 2457 religionem
1058 2371 1266 2447 minuerent,

199 2502 305 2565 quam
324 2486 384 2564 qui
401 2481 479 2547 lana
497 2482 694 2566 spoliarent.

269 2590 312 2656 V.
340 2591 424 2656 Post
449 2592 517 2656 hoc
541 2592 714 2675 proelium
739 2592 904 2657 collatum
929 2612 1034 2667 omne
1059 2591 1189 2657 bellum
1217 2598 1269 2655 est

199 2699 289 2764 circa
314 2698 521 2764 Corinthum
546 2700 696 2783 ideoque
721 2699 941 2766 Corinthium
966 2712 1018 2766 est
1041 2699 1266 2784 appellatum.

201 2807 271 2872 Hic
298 2828 379 2872 cum
406 2813 475 2873 {ma
503 2813 623 2893 pugna
650 2810 771 2875 decem
799 2810 892 2875 milia
918 2811 1072 2875 hostium
1100 2808 1267 2893 Agesilao

199 2917 287 2982 duce
302 2917 505 2983 cecidissent
521 2924 634 3001 eoque
650 2918 742 2984 facto
758 2925 842 3004 opes
857 2919 1132 2984 adversariorum
1149 2916 1268 2983 debili-

199 3032 289 3091 tatae
307 3026 515 3104 viderentur,
537 3037 673 3093 tantum
692 3028 778 3094 afuit
799 3029 841 3094 ab
860 3028 1046 3094 insolentia
1067 3028 1208 3112 gloriae,
1230 3037 1267 3091 ut
1288 3053 1318 3103 25

199 3135 463 3200 commiseratus
481 3135 524 3201 sit
541 3136 715 3202 fortunam
735 3137 909 3214 Graeciae,
928 3137 1023 3221 quod
1042 3147 1113 3202 tam
1131 3136 1268 3201 multia

199 3247 236 3306 se
257 3241 340 3306 victi
361 3241 446 3307 vitio
469 3242 744 3308 adversariorum
768 3244 1015 3321 concidissent3
1039 3264 1188 3326 namque
1212 3242 1267 3307 illa
1355 3330 1357 3334 Ι

199 3349 432 3427 multitudine,
458 3357 486 3415 si
512 3357 594 3416 sana
619 3358 717 3417 mens
743 3363 841 3430 esset,
869 3351 1031 3418 Graeciae
1059 3350 1267 3434 supplicium

200 3457 322 3522 Persas
354 3457 434 3525 dare
466 3459 631 3542 potuisse.
688 3440 788 3526 idem
821 3482 901 3526 cum
933 3460 1147 3526 adversarius
1180 3460 1268 3525 intra

199 3566 338 3632 moenia
354 3569 580 3653 compulisset
596 3580 630 3635 et
646 3580 684 3635 ut
702 3568 911 3636 Corinthum
929 3575 1150 3653 oppugnaret
1168 3568 1268 3634 multi
1287 3598 1320 3648 30

199 3675 434 3753 hortarentur,
452 3677 594 3761 negavit
612 3678 645 3743 id
665 3701 745 3745 suae
763 3678 882 3745 virtuti
900 3685 1101 3758 convenire;
1119 3685 1156 3744 se
1175 3677 1268 3744 enim

200 3801 280 3848 eum
298 3803 371 3849 esse
387 3790 447 3866 qui
463 3785 505 3850 ad
524 3785 677 3851 officium
695 3793 877 3873 peccantes
894 3788 1004 3855 redite
1023 3794 1178 3874 cogeret,
1196 3792 1268 3852 non
