2992 4358
201 241 244 305 24
546 241 736 296 CORNELII
762 243 931 297 NEPOTIS

204 419 322 486 nescia
337 426 409 504 quo
424 426 506 487 casti
521 428 695 488 nocturno
711 434 870 507 tempore
886 422 1047 489 incensus
1063 433 1124 490 est.
1165 420 1272 489 Cuius

205 527 344 593 flamma
370 539 408 593 ut
435 530 478 594 ab
506 529 689 613 oppidanis
717 540 752 596 et
779 530 1082 615 opptignataribus
1111 542 1162 597 est
1190 536 1272 610 visa,

113 622 115 631 '
205 644 360 722 utrisque
379 638 473 704 venit
493 638 528 703 in
547 639 749 724 opinionem
770 646 909 724 signum
930 647 951 706 a
970 640 1148 705 classiariis
1169 638 1273 725 regiis

204 748 334 813 datum.
379 747 462 831 Quo
482 748 611 813 iactum
631 759 683 815 est
703 760 741 814 ut
761 760 795 814 et
815 749 906 814 Parii
925 756 945 815 a
963 748 1141 815 deditione
1160 749 1272 815 deter-

204 863 361 922 rerentur
375 867 409 922 et
425 856 611 935 Miltiades,
626 857 752 922 timens
767 864 811 923 ne
826 858 940 923 classis
954 858 1048 943 regia
1063 859 1272 938 adventaret,
1294 873 1306 921 5

204 964 351 1030 incensis
370 964 533 1048 operibus
552 987 642 1049 quae
662 976 837 1044 statuerat,
858 987 938 1031 cum
958 967 1107 1035 totidem
1128 967 1272 1033 navibus

205 1085 309 1159 atque
334 1085 407 1140 erat
433 1074 610 1159 proiectus
634 1075 792 1141 Athenas
817 1082 946 1162 magna
972 1098 1051 1142 cum
1079 1076 1272 1143 offensione

204 1183 333 1249 civium
352 1188 495 1249 suarum
514 1183 649 1250 rediret.

273 1293 469 1359 Accusatus
491 1300 576 1378 erga
600 1305 651 1360 est
673 1294 890 1379 proditionis,
913 1296 1018 1380 quod,
1042 1317 1121 1362 cum
1145 1296 1273 1362 Parum

205 1408 408 1488 expugnare
428 1415 557 1488 posset,
578 1410 598 1469 a
618 1410 700 1490 rege
722 1416 904 1489 corruptus
925 1406 1062 1471 Iniectis
1083 1408 1185 1472 rebus
1206 1406 1273 1471 dis·
1294 1432 1325 1469 10

206 1512 374 1580 cessisset.
421 1513 475 1578 Εό
497 1516 658 1598 tempore
679 1535 783 1598 aeger
804 1525 875 1580 erat
896 1508 1106 1594 vulneribus
1128 1536 1216 1600 quae
1237 1514 1272 1579 in

205 1623 444 1708 oppugnanda
461 1623 593 1708 oppido
608 1629 795 1707 acceperat.
836 1624 957 1708 Itaque
973 1624 1142 1709 cumipse
1157 1630 1221 1709 pro
1236 1629 1273 1690 se

205 1731 318 1797 dicere
334 1738 405 1796 nan
422 1742 551 1816 posset,
568 1733 672 1798 verba
687 1731 767 1798 iecit
784 1732 890 1800 frater
905 1733 978 1799 eius
996 1732 1209 1817 Stesagoras.
1240 1769 1253 1801 ι

276 1840 389 1907 Causa
414 1840 556 1926 cognita
582 1840 702 1926 capitis
727 1842 907 1907 absolfitus
933 1841 1079 1925 pecunia
1105 1840 1273 1908 multatus

205 1960 267 2028 est,
284 1971 393 2034 eaque
409 1951 449 2015 lis
466 1951 721 2036 quinquaginta
737 1952 874 2017 talentis
890 1951 1069 2018 aestimata
1087 1962 1148 2029 est,
1167 1971 1273 2035 quan·
1293 1977 1323 2027 15

205 2070 261 2126 tus
284 2059 319 2123 in
339 2061 489 2126 classem
512 2066 672 2145 sumptus
696 2061 805 2127 factus
830 2072 911 2126 erat.
963 2060 1064 2126 Hanc
1089 2059 1271 2145 pecuniam

205 2169 301 2255 quod
321 2171 456 2236 solvere
474 2170 509 2235 in
528 2170 725 2254 praesentia
744 2177 815 2236 non
835 2181 980 2256 poterat,
1001 2170 1036 2235 in
1056 2170 1167 2237 vincla
1186 2169 1273 2253 pub·

206 2280 270 2346 lica
290 2281 466 2346 coniectus
488 2291 540 2347 est
562 2281 679 2365 ibique
701 2281 792 2346 diem
814 2280 900 2347 obiit
923 2287 1134 2364 supremum.
1221 2316 1224 2321 ·

275 2389 378 2455 VIII.
402 2389 473 2456 Hic
495 2396 559 2455 etsi
580 2390 721 2455 crimine
744 2390 846 2455 Pario
868 2401 920 2456 est
941 2395 1133 2468 accusatus,
1155 2394 1272 2454 tamen

204 2499 269 2566 alia
282 2520 384 2565 causa
399 2499 463 2565 fuit
477 2482 718 2565 damnationis.
748 2499 909 2583 Namque
923 2498 1155 2564 Athenienses
1170 2519 1273 2583 prop·
1293 2525 1326 2562 20

205 2620 257 2675 ter
273 2609 441 2674 Pisistrati
456 2609 685 2692 tyrannidem,
702 2630 792 2692 quae
808 2615 926 2692 paucis
941 2614 1039 2673 annis
1055 2619 1135 2673 ante
1151 2608 1272 2685 fuerat,

205 2717 347 2784 nimiam
363 2718 490 2784 civium
505 2724 648 2783 suorum
664 2717 856 2801 potentiam
872 2717 1153 2783 extimescebam.
1194 2715 1273 2781 Mil-

206 2828 326 2907 tiades,
349 2829 499 2893 multum
522 2827 556 2892 in
579 2827 731 2911 imperiis
754 2826 1083 2911 magistratibusque
1107 2820 1272 2903 versatus,

206 2943 277 3003 non
292 2937 475 3003 videbatur
489 2957 590 3020 posse
606 2956 680 3001 esse
695 2941 861 3019 privatus,
878 2935 1079 3018 praesertim
1095 2955 1175 3000 cum
1192 2940 1274 3001 con-

206 3047 390 3114 suetadine
404 3048 446 3113 ad
462 3046 598 3131 imperii
613 3045 839 3130 cupiditatem
855 3045 943 3110 trahi
958 3044 1141 3110 videratur.
1183 3043 1274 3108 Nam
1293 3068 1324 3118 25

207 3157 242 3222 in
267 3155 485 3223 Chersoneso
510 3161 632 3220 omnes
657 3154 733 3219 illos
758 3159 846 3237 quas
870 3152 1039 3218 habitarat
1063 3158 1173 3217 annos
1197 3173 1273 3236 per-

206 3278 347 3353 petuam
373 3266 570 3331 obtinuerat
597 3264 873 3330 dominationem
901 3274 1136 3348 tyrannusque
1163 3263 1274 3328 fuerat

206 3377 409 3461 appellatus,
423 3374 482 3440 sed
496 3375 616 3439 iirstus
644 3374 727 3439 Non
741 3382 813 3439 erat
830 3372 922 3439 enim
936 3379 969 3437 vi
983 3378 1200 3450 consecutus,
1215 3370 1274 3438 sed

207 3491 350 3551 suarum
369 3484 559 3561 voluntate,
579 3503 725 3566 eamque
744 3487 955 3566 potestatem
974 3481 1131 3547 bonitate
1150 3481 1275 3546 retine·

207 3594 276 3660 bat.
326 3593 460 3659 Omnes
484 3601 603 3657 autem
629 3601 662 3656 et
687 3592 849 3656 dicuntur
875 3600 908 3656 et
933 3590 1104 3656 habentur
1127 3596 1273 3674 tyranni,
1294 3618 1327 3666 30

207 3709 268 3786 qui
283 3708 456 3785 potestate
472 3712 552 3766 sunt
568 3707 735 3785 perpetua
752 3700 786 3764 in
803 3706 843 3766 ea
859 3699 997 3766 civitate
1014 3721 1101 3784 quae
1117 3701 1274 3766 libertate

208 3816 270 3882 t'tsa
290 3819 351 3879 est.
397 3808 467 3879 Sed
487 3809 522 3878 in
545 3809 702 3880 Miltiade
725 3819 796 3879 erat
818 3829 898 3879 cum
920 3829 1057 3879 summa
1077 3809 1274 3881 humanitas
