3020 4372
198 178 240 266 76
461 144 463 149 ,
541 192 730 251 CORNELII
758 194 926 250 NEPOTIS

199 379 347 444 Athenis
378 378 594 461 habebatque
625 378 659 442 in
692 377 792 443 Italia
823 376 990 460 pretieses
1021 369 1266 457 possessidnes

148 544 154 555 .
200 488 333 553 tresviri
349 488 443 552 bona
456 486 690 552 vendidissent
707 484 958 550 censuetridine
977 489 1016 548 ee
1034 488 1102 566 qua
1120 492 1195 546 turn
1214 485 1267 544 res

200 596 421 681 gerebantur,
440 594 548 660 Attici
567 595 683 659 labere
701 604 805 676 atque
824 591 991 657 industrie
1010 591 1139 656 lactum
1158 599 1208 653 est
1228 599 1266 652 ut

201 704 327 770 eedem
352 704 478 769 nuntie
503 702 660 769 Saufeius
685 702 781 768 fieret
807 700 933 767 certior
957 690 994 765 se
1019 697 1266 781 patrimdnium

198 813 353 881 amisisse
383 823 417 878 et
446 817 678 895 recuperasse.
732 794 833 876 idern
865 809 905 874 L.
939 808 1066 872 Iulium
1096 805 1300 895 Calidums

200 941 304 1004 quern
327 931 406 1004 post
428 919 582 985 Lucretii
604 918 800 1002 Catullique
822 927 971 982 mortem
993 916 1104 979 multe
1127 914 1266 998 elegan-

199 1029 371 1093 tissimum
393 1035 534 1112 poetam
556 1040 711 1093 nostram
733 1026 851 1092 tulisse
873 1032 1023 1091 aetetem
1045 1029 1125 1090 vere
1148 1022 1267 1087 videor

199 1158 300 1219 posse
319 1137 541 1213 contendere,
561 1157 675 1221 neque
694 1135 807 1200 minus
825 1135 938 1200 virum
958 1134 1090 1198 bonurn
1111 1131 1267 1216 optimis-

200 1265 268 1327 que
298 1245 430 1310 artibus
460 1245 645 1321 eruditum,
677 1254 757 1328 post
788 1237 1077 1327 presc'riptirinem
1109 1239 1267 1324 equitum

201 1363 345 1437 propter
369 1359 514 1438 magnas
541 1353 614 1418 eius
639 1334 820 1418 diricanes
846 1350 1083 1435 possessicines
1109 1349 1144 1413 in
1171 1353 1318 1431 pres-10

200 1467 389 1544 criptrirum
409 1482 593 1526 numerum
612 1468 632 1526 a
654 1462 691 1526 Ρ.
713 1460 918 1537 Volumnio,
939 1458 1112 1544 praefecte
1132 1456 1267 1522 fabrum

200 1568 356 1647 Antenii‚
377 1570 555 1635 absentem
578 1570 723 1635 relatum
747 1568 932 1653 expedivit.
972 1566 1089 1651 'Quod
1113 1566 1147 1630 in
1171 1585 1267 1648 prae-

200 1683 288 1742 senti
309 1688 426 1742 utrum
449 1684 479 1742 ei
500 1677 705 1742 laberidsius
724 1699 767 1742 an
788 1676 973 1761 gldridsius
994 1674 1107 1752 luerit,
1130 1673 1267 1738 difficile

201 1796 253 1851 est
280 1785 442 1863 iudicare,
465 1785 565 1869 ,quod
592 1785 626 1849 in
653 1791 774 1851 edrum
800 1785 959 1868 periculis
987 1789 1058 1848 nrin
1085 1804 1183 1848 secus
1209 1783 1266 1846 ab·

200 1900 313 1959 sentes
333 1915 437 1981 quam
457 1900 655 1977 praesentes
675 1899 805 1961 amices
825 1893 945 1958 Attice
967 1915 1040 1959 esse
1061 1898 1163 1958 curae
1184 1897 1266 1974 cdg-
1287 1918 1316 1966 15

199 2002 311 2067 nitum
328 2014 388 2067 est.

270 2110 375 2176 XIII.
401 2110 525 2194 Neque
548 2117 631 2176 vere
653 2111 707 2177 ille
730 2111 844 2176 minus
867 2111 981 2177 bonus
1003 2121 1102 2194 pater
1123 2110 1266 2176 familias

200 2218 337 2283 habitus
366 2230 417 2284 est
446 2240 550 2302 quam
580 2219 678 2298 civis;
707 2240 786 2284 nam
815 2241 894 2284 curn
926 2218 1014 2292 esset
1044 2219 1265 2303 pecunirisus,

199 2333 303 2401 nemci
323 2326 381 2392 illd
400 2328 514 2392 minus
533 2327 598 2393 luit
618 2334 732 2405 emaX,
753 2328 866 2393 minus
886 2328 1096 2395 aedificator.
1143 2326 1266 2412 Neque

199 2446 318 2502 tamen
339 2442 410 2500 nen
432 2435 600 2520 imprimis
621 2438 710 2502 bene
732 2437 900 2503 habitavit
923 2438 1155 2520 omnibusque
1177 2436 1266 2521 opti·
1285 2459 1318 2495 20

199 2550 264 2608 mis
281 2544 383 2608 rebus
402 2549 484 2609 usus
501 2555 566 2623 est;
585 2565 664 2608 narn
683 2544 828 2609 domum
848 2545 969 2611 habuit
988 2546 1023 2610 in
1043 2546 1129 2611 colle
1150 2544 1266 2629 Quiri-

199 2653 267 2717 neli
295 2651 581 2735 Tamphilianam,
611 2653 653 2717 ab
682 2654 854 2719 avuncule
883 2653 1072 2720 hereditate
1102 2655 1265 2729 relictam,

200 2759 297 2825 cuius
323 2760 517 2825 amoenitas
544 2767 615 2825 nen
643 2760 812 2839 aedificii),
840 2762 899 2827 sed
928 2763 1013 2828 silvai
1039 2763 1267 2828 constabat-

200 2867 313 2949 ipsum
340 2868 432 2933 enim
458 2874 590 2933 tectum
614 2869 805 2952 antiquitus
830 2871 1060 2936 cdnstitritum
1087 2871 1163 2953 plris
1189 2869 1266 2935 salis

199 2996 302 3059 quam
321 2982 482 3059 srimptus
502 2977 730 3043 habebat—in
750 2985 821 3062 qud
840 2979 924 3043 nihil
943 2980 1182 3056 commutavit,
1202 2977 1265 3042 nisi
1286 3004 1316 3053 25

199 3090 227 3148 si
243 3084 326 3167 quid
342 3091 515 3151 vetustate
531 3091 673 3151 euectus
691 3097 753 3152 est.
795 3068 891 3152 Usus
909 3098 959 3153 est
976 3087 1114 3165 familia,
1132 3094 1159 3153 si
1176 3086 1266 3151 utili-

200 3198 270 3257 tete
296 3191 518 3257 iudicandum
543 3204 605 3270 est,
631 3193 777 3278 optima;
804 3201 832 3259 si
857 3195 979 3272 ferme,
1004 3195 1064 3261 vix
1089 3196 1264 3261 mediocri.

200 3299 361 3384 Namque
377 3301 411 3365 in
428 3308 468 3367 ee
484 3314 579 3367 erant
594 3309 691 3386 pueri
706 3303 956 3379 litteretissimi,
973 3310 1188 3388 anagnostae
1205 3325 1266 3387 op-

199 3410 275 3475 timi
295 3421 329 3476 et
348 3410 487 3494 plurimi
507 3410 643 3488 librarii,
664 3423 702 3476 ut
723 3417 766 3476 ne
786 3411 994 3495 pedisequus
1013 3412 1154 3496 quidem
1175 3413 1266 3496 quis-

199 3540 305 3601 quam
331 3530 420 3585 esset
445 3525 504 3603 qui
529 3525 600 3584 nen
625 3529 811 3603 utrumque
836 3520 962 3584 herum
986 3521 1129 3604 pulchre
1154 3522 1266 3589 lacere
1285 3550 1317 3598 30

199 3637 331 3708 posset;
349 3633 422 3709 pari
437 3626 546 3692 modi)
564 3627 711 3693 artifices
729 3634 845 3705 ceteri,
864 3635 952 3711 quds
971 3630 1084 3696 cultus
1101 3630 1266 3698 domesti-

200 3753 261 3798 cus
291 3734 471 3813 desiderat,
502 3742 657 3819 apprime
687 3737 779 3802 boni.
837 3736 960 3822 Neque
991 3749 1110 3807 tamen
1141 3741 1266 3805 herum
