2992 4358
578 973 624 1038 X.
657 964 927 1040 TIMOLEON

289 1159 315 1225 Ι.
341 1158 527 1224 Timoleon
549 1158 759 1225 Corinthius,
807 1158 888 1226 Sine
911 1159 1018 1225 (lubio
1040 1166 1191 1244 magnus
1213 1181 1286 1225 om·

217 1266 314 1332 nium
328 1268 456 1333 iudicio
471 1269 527 1333 hIc
541 1268 593 1333 vir
607 1267 750 1335 exstitit.
780 1267 942 1353 Namque
956 1268 1037 1334 huic
1051 1275 1111 1333 fini
1127 1267 1286 1352 contigit,

218 1376 313 1460 quod
333 1377 449 1441 nescio
468 1398 512 1441 an
531 1377 626 1455 nulli,
647 1387 685 1443 ut
705 1387 739 1443 et
758 1377 914 1461 patriam,
934 1377 969 1441 in
989 1383 1058 1461 qua
1078 1387 1152 1443 erat
1174 1383 1285 1454 natus

216 1505 418 1569 oppressam
432 1490 453 1550 a
468 1491 616 1569 tyranno
631 1485 804 1563 liheraret,
822 1496 856 1551 et
872 1491 892 1550 a
908 1484 1144 1569 Syracusanis
1161 1485 1286 1569 quibus

216 1594 347 1661 auxilio
367 1606 442 1661 erat⁴
457 1594 592 1672 missus,
613 1595 680 1659 iam
701 1594 928 1660 inveteratam
949 1594 1152 1660 servitutem
1172 1594 1285 1679 depel-
1306 1606 1319 1656 5

217 1703 299 1770 leret
317 1709 497 1788 totamque
517 1703 678 1781 Siciliam,
697 1704 828 1769 multos
847 1710 956 1769 annos
975 1702 1066 1769 bello
1086 1708 1247 1768 vexatam
1265 1708 1286 1768 a

210 1813 436 1896 barbarisque
453 1833 666 1896 oppressam,
684 1818 748 1878 suf)
766 1813 919 1878 adventu
938 1812 971 1876 in
990 1811 1173 1895 pristinum
1190 1810 1285 1878 resti-

146 2002 150 2010 .
216 1932 338 2003 tueret.
378 1920 447 1987 Sed
463 1922 498 1986 in
514 1922 566 1987 his
582 1922 685 1988 rebus
701 1928 773 1987 non
790 1921 937 2005 simplici
953 1922 1093 1987 fortuna
1111 1920 1285 1987 cunflicta-

216 2041 272 2096 tus
292 2042 342 2097 est
362 2041 408 2109 et,
427 2030 461 2096 id
481 2031 577 2115 quod
597 2031 770 2097 difficilius
790 2037 942 2115 putatur,
963 2031 1076 2096 multo
1096 2029 1285 2114 sapientius

216 2139 295 2206 tulit
316 2140 505 2206 secundam
527 2161 632 2224 quam
654 2142 834 2207 adversam
856 2140 1041 2206 fortunam.
1089 2138 1181 2205 Nam
1205 2160 1284 2204 cum
1305 2164 1337 2200 ιο

216 2249 319 2314 frater
350 2248 424 2315 eius
455 2249 704 2334 Timophanes,
737 2251 810 2316 dux
844 2256 865 2315 a
897 2248 1087 2316 Corinthiis
1120 2248 1283 2325 dolectus

216 2358 434 2443 tyrannidem
454 2381 514 2444 per
533 2359 659 2425 milites
679 2359 935 2425 mercennarios
955 2363 1160 2441 occupasset
1180 2355 1284 2441 parti-

216 2489 368 2553 cepsque
384 2474 483 2552 regni
499 2468 571 2551 ipse
587 2479 705 2551 posset
722 2490 807 2546 esse,
824 2479 962 2535 tantum
979 2467 1065 2533 {aluit
1080 2472 1101 2534 a
1117 2465 1284 2533 societate

215 2576 361 2655 sceleris,
379 2587 418 2643 ut
434 2578 630 2643 antetulerit
648 2578 776 2643 civium
794 2584 937 2643 suorum
956 2577 1154 2643 libertatem
1172 2574 1284 2641 fratris

216 2685 317 2751 saluti
341 2694 375 2751 et
399 2691 520 2769 parere
544 2686 680 2772 legibus
705 2708 808 2770 quam
834 2687 1002 2770 imperare
1025 2684 1154 2770 patriae
1178 2684 1284 2750 satius
1305 2710 1334 2760 15

216 2793 364 2861 duxerit.
414 2795 493 2861 Hac
516 2807 635 2862 mente
659 2817 721 2880 per
744 2795 962 2880 haruspicem
988 2800 1283 2878 communemque

214 2903 366 2982 affinem,
381 2904 437 2970 cui
452 2926 549 2970 soror
563 2927 608 2970 ex
624 2906 755 2972 elsdem
769 2905 969 2990 parentibus
984 2910 1064 2971 nata
1079 2907 1186 2996 nupta
1201 2911 1283 2979 erat,

215 3014 354 3079 fratrem
384 3024 569 3098 tyrannum
598 3013 874 3080 interficiendum
903 3012 1045 3080 curavit.
1102 3012 1181 3096 Ipse
1212 3016 1283 3076 non

214 3123 323 3189 modo
343 3128 468 3189 manus
490 3129 561 3189 non
583 3123 709 3200 attulit,
732 3124 792 3190 sed
815 3129 858 3188 ne
881 3121 1032 3207 aspicere
1054 3120 1196 3206 quidem
1218 3120 1283 3185 fra-

214 3243 353 3300 ternum
371 3232 577 3317 sanguinem
595 3231 714 3299 voluit.
758 3232 849 3298 Nam
869 3233 953 3298 dum
972 3237 1025 3297 res
1044 3230 1282 3305 conficeretur,
1302 3255 1335 3293 20

216 3344 337 3428 procul
364 3342 399 3408 in
425 3341 596 3427 praesidio
622 3340 697 3418 luit,
725 3341 872 3426 nequis
899 3341 1035 3406 satelles
1063 3349 1189 3431 posset
1207 3360 1282 3405 suc-

215 3473 360 3518 currere.
728 3458 732 3472 '

285 3561 368 3626 Hoc
393 3558 703 3644 praeclarissimum
727 3558 801 3625 eius
826 3559 956 3625 factum
981 3563 1053 3624 non
1077 3563 1150 3642 pari
1175 3557 1281 3622 modo

215 3669 400 3754 probatum
418 3679 470 3736 est
487 3668 530 3734 ab
549 3667 726 3745 omnibus;
745 3667 902 3732 nonnulli
921 3666 1014 3735 enim
1033 3668 1160 3733 laesam
1177 3667 1220 3733 ab
1239 3671 1282 3732 eo

216 3776 380 3862 pietatem
407 3776 575 3859 putabant
602 3786 636 3844 et
663 3774 792 3841 invidia
818 3775 955 3840 laudem
983 3774 1120 3841 virtutis
1147 3775 1281 3841 obtere-
1301 3801 1331 3851 25

410 3891 443 3945 50
