2992 4358
655 242 857 295 CHABRIAS
1269 239 1289 305 7

221 424 281 491 das
305 421 502 508 Agesilaus,
526 427 588 487 rex
610 427 743 498 ebrum,
767 419 922 487 faciebat.
971 421 1013 485 Id
1037 420 1173 486 intuens
1198 418 1287 485 Cha-

220 532 320 611 brias,
338 531 470 596 cumin
488 537 525 596 re
541 530 636 595 nulla
652 529 819 615 Agesilae
837 530 986 608 cederet,
1005 535 1066 594 sua
1083 538 1206 612 sponte
1225 533 1286 592 ebs

220 640 377 707 adiutum
400 639 575 724 profectus
598 637 795 724 Aegyptiae
819 639 918 704 classi
941 636 1099 723 praefuit,
1123 635 1287 722 pedestri-

220 750 284 816 bus
302 749 411 834 cbpiis
429 749 624 834 Agesilaus.

184 876 199 928 5
289 859 356 925 ΙΙΙ.
382 857 475 924 Tum
500 857 666 942 praelecti
691 857 782 943 regis
808 858 933 924 Persae
958 857 1094 942 legates
1119 861 1286 921 miserunt

218 969 377 1035 Athenas
393 978 566 1052 questum,
583 969 680 1052 quod
697 967 863 1034 Chabrias
879 968 1063 1033 adversum
1080 973 1199 1051 regem
1216 965 1285 1030 bel-

219 1079 291 1144 lum
309 1089 444 1164 gereret
462 1100 542 1144 cum
559 1077 754 1163 Aegyptiis.
797 1077 1028 1143 Athenienses
1046 1075 1138 1141 diem
1156 1086 1286 1142 certam

221 1186 387 1254 Chabriae
406 1187 684 1272 praestituerunt,
705 1207 810 1270 quarn
830 1196 910 1252 ante
931 1186 1076 1252 domum
1097 1184 1161 1250 nisi
1182 1185 1285 1250 redis-

220 1307 282 1375 set,
309 1296 430 1381 capitis
456 1303 492 1363 se
517 1296 614 1362 illurn
642 1296 866 1362 damnaturbs
893 1293 1151 1361 denuntiarunt.
1203 1292 1285 1358 Hbc

168 1434 202 1473 10
220 1407 275 1473 ille
295 1406 419 1472 nuntie
438 1407 595 1472 Athenas
615 1406 729 1485 rediit,
750 1427 865 1490 neque
886 1405 932 1471 ibi
953 1404 1082 1470 diutius
1104 1414 1154 1470 est
1173 1410 1286 1469 mora-

220 1525 276 1581 tus
300 1537 404 1600 quam
428 1515 492 1582 fuit
516 1537 666 1595 necesse.
716 1516 800 1582 Ncin
825 1515 917 1582 enirn
942 1514 1089 1580 libenter
1113 1523 1183 1579 erat
1207 1522 1285 1578 ante

220 1626 340 1691 ocultis
359 1631 503 1691 suerum
523 1626 661 1704 civium,
681 1626 777 1710 quod
798 1636 832 1693 et
851 1624 989 1691 vivebat
1010 1625 1102 1690 laute
1121 1634 1155 1689 et
1175 1622 1286 1687 indul·

219 1736 323 1820 gebat
352 1734 415 1800 sibi
443 1734 615 1801 lssreralius
644 1756 748 1821 quarn
778 1745 817 1801 ut
848 1733 1014 1800 invidiam
1044 1733 1140 1818 vulgi
1170 1743 1285 1816 posset

220 1844 387 1929 effugere.
436 1845 499 1910 Est
522 1845 615 1912 enim
638 1845 706 1911 hec
730 1850 918 1911 commune
941 1843 1065 1909 vitium
1089 1849 1225 1927 magnis
1249 1842 1285 1906 li-

206 2073 270 2154 ·ter
285 2063 327 2129 de
345 2070 394 2130 eis
410 2063 592 2130 detrahant
608 2071 697 2149 ques
714 2065 866 2131 eminere
884 2064 1024 2130 videant
1041 2062 1153 2141 altius,
1172 2081 1285 2146 neque

218 2173 334 2239 anime
353 2179 466 2257 aequb
486 2181 655 2258 pauperes
674 2175 820 2241 alienam
840 2174 1055 2259 opulentiam
1076 2173 1283 2238 intueantur.

219 2279 340 2365 Itaque
369 2282 546 2361 Chabrias,
574 2284 690 2368 quoad
718 2290 749 2349 ei
777 2284 912 2362 licebat,
942 2283 1130 2368 plurimum
1159 2283 1284 2348 aberat.

218 2388 344 2474 Neque
356 2395 440 2455 veni
453 2390 547 2456 stilus
560 2391 616 2458 ille
627 2392 744 2458 aberat
757 2390 905 2458 Athenis
919 2392 1073 2471 libenter,
1089 2392 1149 2459 sed
1164 2398 1285 2457 omnes

167 2525 200 2564 20
218 2498 288 2564 lere
303 2499 474 2583 principes
490 2499 645 2567 lecerunt
661 2502 765 2579 idem,
782 2503 877 2587 quod
894 2514 1030 2569 tantum
1047 2509 1083 2569 se
1098 2504 1141 2570 ab
1157 2501 1285 2569 invidia

218 2609 387 2691 putabant
403 2608 570 2689 afuturbs,
587 2623 756 2695 quantum
771 2619 792 2678 a
808 2596 1160 2698 censpectu'suerum
1176 2634 1285 2679 reces-

218 2715 332 2784 serint.
372 2718 494 2803 Itaque
510 2718 635 2786 Conen
652 2721 840 2806 plurimum
858 2723 964 2808 Cypri
980 2724 1078 2802 vixit,
1094 2706 1285 2808 iphicrates

218 2825 252 2890 in
272 2826 449 2907 Thraecia,
468 2829 675 2898 Timotheus
697 2832 812 2911 Lesbi,
834 2833 963 2900 Chares
985 2833 1091 2918 Sigei,
1113 2833 1285 2899 dissimilis

218 2935 360 3019 quidem
381 2937 509 3005 Chares
528 2940 655 3006 hbrum
676 2953 709 3008 et
729 2943 827 3009 facfis
846 2954 880 3010 et
900 2944 1066 3022 minibus,
1088 2944 1147 3010 sed
1168 2953 1285 3010 tamen

166 3068 196 3120 25
218 3045 366 3112 Athenis
382 3058 416 3113 et
433 3048 625 3117 honeratus
639 3062 676 3136 ‘et
693 3058 831 3136 potens.

287 3154 349 3223 IV.
377 3157 543 3226 Chabrias
565 3172 683 3228 autem
705 3162 806 3247 periit
827 3163 920 3230 belle
942 3162 1061 3230 sociali
1083 3163 1143 3229 tali
1165 3163 1282 3229 mode.

217 3264 484 3351 Oppfignabant
497 3270 731 3339 Athenienses
746 3272 883 3339 Chium.
922 3275 1009 3341 Erat
1023 3273 1057 3339 in
1073 3262 1181 3338 c‘lasse
1196 3272 1287 3339 Cha-

217 3374 307 3440 brias
325 3383 490 3458 privatus,
510 3380 571 3446 sed
591 3387 713 3447 omnes
732 3388 791 3465 qui
810 3381 844 3447 in
865 3383 1070 3468 magistratu
1090 3392 1186 3447 erant
1205 3403 1284 3446 auc·

217 3484 358 3551 tciritaite
393 3488 556 3567 anteibat,
592 3511 742 3574 eumque
776 3491 888 3576 magis
923 3491 1049 3556 milites
1084 3511 1189 3573 quarn
1224 3496 1284 3573 qui

165 3619 198 3668 30
217 3604 398 3675 praeerant
412 3595 653 3680 suspiciebant.
695 3596 796 3682 Quae
811 3605 864 3663 res
878 3604 910 3664 ei
924 3596 1109 3663 maturavit
1123 3607 1282 3662 mortem.

217 3699 309 3765 Nam
323 3701 408 3767 dum
424 3710 555 3786 primus
569 3704 683 3770 studet
699 3715 838 3788 portum
854 3705 980 3772 intrare
997 3705 1282 3790 gubernatbrem-

216 3809 284 3894 que
309 3810 405 3880 iubet
429 3818 471 3879 ee
497 3791 645 3902 dirigere
670 3820 804 3897 nivem,
830 3813 902 3898 ipse
927 3814 991 3880 sibi
1016 3812 1178 3899 perniciei
1203 3811 1281 3881 fuit:
