3020 4372
214 238 253 319 58
555 210 745 305 conulem
773 248 941 305 napoms

214 434 258 499 ad
276 439 407 518 regem,
427 438 528 515 eique
545 453 625 496 cum
644 430 752 495 multa
771 430 814 495 da
832 428 900 494 fide
918 435 980 515 sua
1000 439 1035 495 et
1053 428 1135 495 odia
1155 427 1190 493 in
1209 425 1281 492 Ra-

215 548 337 606 manas
360 545 678 616 commemorasset,
702 539 769 604 hac
792 538 975 627 adiunxittl
989 538 1007 563 “
1023 538 1126 615 Pater
1148 534 1279 613 meus‚”

214 650 336 733 inquit,
366 649 385 675 “
400 649 588 725 Hamilcar,
617 646 764 731 pueruli)
791 653 858 737 tna,
886 624 1010 730 utpote
1025 640 1108 710 vnan
1135 643 1281 727 amplius

214 779 342 824 novem
367 764 476 823 annas
501 763 594 834 nata,
621 756 655 820 in
681 736 888 888 Hispassi’am
913 754 1103 839 imperator
1128 753 1281 838 proficis-

214 874 296 932 cens
321 866 534 951 Carthagine
560 866 637 930 Iovi
660 864 804 953 optima
820 863 976 929 maxima
1001 863 1131 929 hostias
1157 863 1314 927 immo-5

214 974 306 1040 lavit.
347 973 453 1058 ‚Quae
474 975 589 1039 divina
610 979 663 1038 res
684 972 768 1037 dum
790 971 1049 1048 canficiebatur‚
1072 970 1241 1067 quaesivit
1261 977 1281 1036 a
1310 1060 1312 1067 X

213 1089 269 1148 ma
283 1083 450 1163 vellemne
465 1089 583 1148 secum
599 1083 633 1147 in
648 1092 757 1147 castra
773 1080 955 1165 proficisci.
984 1080 1025 1145 ld
1041 1101 1121 1146 cum
1135 1060 1283 1145 libenter
1319 1058 1324 1089 i
1372 1088 1374 1096 ’

213 1170 421 1275 accepissem
442 1203 546 1276 atque
567 1192 609 1256 ab
631 1197 673 1257 ea
694 1201 810 1274 petere
830 1189 1021 1274 coepissem
1042 1196 1086 1255 ne
1107 1188 1281 1254 dubitaret

213 1300 349 1378 ducere,
365 1312 441 1365 tum
457 1300 524 1378 ille,
542 1300 550 1325 ‘
565 1298 726 1378 Faciam’
743 1299 867 1382 inquit,
886 1298 936 1363 ‘si
953 1299 1037 1363 mihi
1054 1298 1158 1363 fidem
1176 1315 1280 1380 quam

214 1409 353 1492 postula
381 1407 537 1475 dederis'
567 1407 701 1474 ¹Simul
728 1415 785 1473 me
812 1408 855 1473 ad
883 1414 976 1472 aram
1005 1403 1280 1495 adduxitapud
1301 1430 1337 1495 ιον
1357 1486 1378 1501 ω

214 1538 319 1602 quarn
350 1517 540 1583 sacrificare
570 1506 776 1594 instituerat,
808 1537 955 1599 eamque
987 1521 1110 1585 ceteris
1137 1495 1281 1580 rematis
1332 1496 1351 1507 '⁴
1383 1494 1394 1519 Ἴ

214 1635 392 1691 tenentem
416 1626 528 1692 iurare
552 1626 649 1691 iussit
672 1646 864 1709 numquam
887 1631 944 1690 ma
968 1625 1002 1688 in
1027 1623 1177 1690 amicitia
1200 1644 1280 1689 cum

214 1734 383 1799 Ramanis
401 1734 483 1800 iore.
527 1735 568 1799 ld
585 1756 652 1819 ego
669 1734 906 1800 iusiurandum
925 1739 1012 1817 patri
1032 1733 1151 1798 datum
1169 1738 1280 1816 usque

213 1842 256 1907 ad
272 1841 361 1908 hanc
377 1848 527 1941 aetatem
545 1844 590 1908 ita
608 1849 821 1921 canservavi,
840 1854 878 1908 ut
895 1843 1025 1908 nemini
1043 1842 1188 1907 dubium
1207 1862 1280 1908 esse

214 1950 349 2027 debeat,
370 1957 454 2034 quin
477 1951 792 2041 seliqllsljssmpoae
815 1950 938 2017 eadem
961 1962 1077 2017 mente
1100 1951 1164 2015 sim
1188 1949 1330 2021 futu-15

214 2080 281 2126 rus.
327 2042 454 2142 Quarev
467 2066 495 2124 si
515 2060 598 2144 quid
619 2066 728 2126 amice
748 2061 791 2125 de
813 2060 983 2125 Ramanis
1005 2058 1186 2143 cagitabis,
1209 2065 1280 2123 nan

213 2167 450 2251 imprudenter
468 2169 599 2247 leceris,
618 2175 646 2233 si
664 2175 720 2235 me
739 2169 872 2248 calaris3
893 2189 972 2234 cum
992 2168 1132 2252 quidem
1151 2168 1280 2234 bellum

213 2275 359 2360 parabis
379 2282 414 2342 ta
434 2276 548 2361 ipsum
568 2276 795 2355 frustraberis
816 2284 844 2343 si
865 2283 936 2344 nan
958 2284 1014 2344 me
1034 2277 1069 2342 in
1091 2283 1134 2344 ea
1156 2275 1279 2361 princi-

214 2406 294 2469 pem
312 2385 501 2470 posueris.’'

284 2494 350 2560 ΙΙΙ.
378 2494 457 2560 Hac
482 2494 587 2579 igitur
610 2500 678 2578 qua
703 2495 856 2561 diximus
880 2502 992 2562 aetate
1017 2516 1097 2561 eum
1122 2506 1219 2580 patre
1244 2493 1279 2560 in
1299 2514 1331 2555 πο

215 2602 422 2686 Hispaniam
444 2603 621 2687 proiectus
642 2614 707 2681 est,
730 2604 828 2669 cuius
850 2616 929 2687 post
952 2604 1099 2683 obitum,
1123 2604 1279 2670 Hasdru-

213 2711 288 2776 bale
305 2711 514 2794 imperatare
531 2710 690 2789 suffecta,
708 2712 877 2796 equitatui
895 2719 991 2778 omni
1009 2714 1165 2797 praefuit.
1197 2712 1279 2777 Hbc

214 2841 356 2903 quoque
379 2819 560 2886 interiecta
578 2820 755 2886 exereitus
779 2842 951 2887 summam
974 2821 1108 2906 imperii
1131 2823 1174 2887 ad
1199 2843 1279 2889 eum

214 2927 345 2993 detulit.
396 2928 437 2993 Id
462 2927 886 3013 Carthaginemdelatum
911 2930 1049 3015 publice
1074 2931 1279 3014 comproba-

214 3047 289 3101 tum
308 3047 371 3103 est.
414 3036 471 3103 Sic
490 3038 665 3103 Hannibal
682 3038 796 3104 minor
814 3044 967 3123 quinque
987 3051 1020 3106 et
1038 3039 1163 3123 viginti
1181 3046 1279 3106 annis
1299 3058 1329 3108 25

213 3151 314 3210 natus
333 3145 520 3229 imperator
537 3146 647 3212 faetus
666 3147 829 3231 proxima
848 3147 997 3214 triennia
1016 3128 1138 3214 omnes
1157 3156 1280 3233 gentes

214 3252 403 3337 Hispaniae
421 3254 512 3321 bella
530 3255 679 3339 subegit,
699 3253 907 3339 Saguntum,
927 3256 1142 3323 foederatam
1162 3257 1279 3323 civita·

213 3372 297 3441 tem,
317 3369 352 3428 vi
372 3364 598 3448 expugnavit,
620 3370 689 3430 tres
711 3364 883 3431 exereitus
905 3365 1079 3432 maximas
1101 3373 1279 3450 compara-

213 3471 274 3537 vit.
316 3472 373 3536 Ex
389 3474 442 3538 his
458 3479 567 3538 unum
584 3474 618 3538 in
635 3454 787 3538 Hiricam
804 3474 907 3552 masit,
925 3476 1072 3540 alterum
1089 3497 1169 3541 cum
1188 3476 1279 3542 Has-

214 3580 354 3647 drubale
375 3581 478 3648 fratre
501 3582 535 3646 in
558 3582 729 3665 Hispania
751 3582 898 3666 reliquit,
921 3584 1063 3651 tertium
1086 3584 1120 3650 in
1142 3568 1279 3652 italiam
1298 3607 1331 3655 30

213 3695 331 3754 secum
349 3689 459 3756 duxit.
502 3690 553 3756 Ut
571 3690 695 3755 saltum
715 3690 933 3774 Pyrenaeum
950 3693 1094 3772 transiit,
1113 3701 1279 3779 quacum·

214 3819 281 3884 que
300 3798 366 3865 iter
383 3799 473 3878 iecit,
493 3820 573 3864 curn
591 3798 753 3864 omnibus
771 3800 892 3866 incolis
912 3802 1083 3884 canflixit;
1103 3804 1279 3871 neminem
