<?xml version="1.0" encoding="UTF-8"?>
<!DOCTYPE html PUBLIC "-//W3C//DTD XHTML 1.0 Transitional//EN"
    "http://www.w3.org/TR/xhtml1/DTD/xhtml1-transitional.dtd">
<html xmlns="http://www.w3.org/1999/xhtml" xml:lang="en" lang="en">
 <head>
  <title>
</title>
<meta http-equiv="Content-Type" content="text/html;charset=utf-8" />
  <meta name='ocr-system' content='tesseract 3.04.00' />
  <meta name='ocr-capabilities' content='ocr_page ocr_carea ocr_par ocr_line ocrx_word'/>
</head>
<body>
  <div class='ocr_page' id='page_1' title='image "./selectedlivesne00unkngoog_0049.png"; bbox 0 0 2992 4358; ppageno 0'>
   <div class='ocr_carea' id='block_1_1' title="bbox 219 217 947 283">
    <p class='ocr_par' dir='ltr' id='par_1_1' title="bbox 219 217 947 283">
     <span class='ocr_line' id='line_1_1' title="bbox 219 217 947 283; baseline 0.005 -15"><span class='ocrx_word' id='word_1_1' title='bbox 219 220 259 268; x_wconf 87' lang='lat'>22</span> <span class='ocrx_word' id='word_1_2' title='bbox 562 217 753 272; x_wconf 89' lang='lat' dir='ltr'><strong>CORNELII</strong></span> <span class='ocrx_word' id='word_1_3' title='bbox 779 218 947 283; x_wconf 82' lang='lat' dir='ltr'>NEPOTIS</span> 
     </span>
    </p>
   </div>
   <div class='ocr_carea' id='block_1_2' title="bbox 217 396 1352 3763">
    <p class='ocr_par' dir='ltr' id='par_1_2' title="bbox 219 396 1287 685">
     <span class='ocr_line' id='line_1_2' title="bbox 220 396 1287 481; baseline -0.006 -16"><span class='ocrx_word' id='word_1_4' title='bbox 220 419 295 465; x_wconf 88' lang='lat' dir='ltr'>cam</span> <span class='ocrx_word' id='word_1_5' title='bbox 314 404 531 464; x_wconf 89' lang='lat' dir='ltr'>accesserunt</span> <span class='ocrx_word' id='word_1_6' title='bbox 550 419 589 463; x_wconf 87' lang='lat' dir='ltr'>ac</span> <span class='ocrx_word' id='word_1_7' title='bbox 608 403 687 462; x_wconf 72' lang='lat' dir='ltr'>sues</span> <span class='ocrx_word' id='word_1_8' title='bbox 706 396 823 481; x_wconf 73' lang='lat' dir='ltr'>copies</span> <span class='ocrx_word' id='word_1_9' title='bbox 841 397 876 461; x_wconf 93' lang='lat' dir='ltr'>in</span> <span class='ocrx_word' id='word_1_10' title='bbox 896 417 1058 481; x_wconf 90' lang='lat' dir='ltr'>campum</span> <span class='ocrx_word' id='word_1_11' title='bbox 1078 396 1287 462; x_wconf 79' lang='lat' dir='ltr'>Marathona</span> 
     </span>
     <span class='ocr_line' id='line_1_3' title="bbox 219 492 1286 590; baseline -0.006 -16"><span class='ocrx_word' id='word_1_12' title='bbox 219 509 440 575; x_wconf 83' lang='lat' dir='ltr'>deduxerunt</span> <span class='ocrx_word' id='word_1_13' title='bbox 447 530 454 586; x_wconf 89' lang='lat'>;</span> <span class='ocrx_word' id='word_1_14' title='bbox 475 508 503 573; x_wconf 93' lang='lat' dir='ltr'>is</span> <span class='ocrx_word' id='word_1_15' title='bbox 523 492 619 572; x_wconf 90' lang='lat' dir='ltr'>abest</span> <span class='ocrx_word' id='word_1_16' title='bbox 639 508 680 572; x_wconf 93' lang='lat' dir='ltr'>ab</span> <span class='ocrx_word' id='word_1_17' title='bbox 702 506 833 590; x_wconf 84' lang='lat' dir='ltr'>oppido</span> <span class='ocrx_word' id='word_1_18' title='bbox 854 506 989 572; x_wconf 86' lang='lat' dir='ltr'>circiter</span> <span class='ocrx_word' id='word_1_19' title='bbox 1008 505 1101 570; x_wconf 89' lang='lat' dir='ltr'>milia</span> <span class='ocrx_word' id='word_1_20' title='bbox 1122 525 1286 589; x_wconf 86' lang='lat' dir='ltr'>passuum</span> 
     </span>
     <span class='ocr_line' id='line_1_4' title="bbox 220 618 350 685; baseline 0 -2"><span class='ocrx_word' id='word_1_21' title='bbox 220 618 350 685; x_wconf 91' lang='lat' dir='ltr'>decem.</span> 
     </span>
    </p>

    <p class='ocr_par' dir='ltr' id='par_1_3' title="bbox 217 725 1352 2235">
     <span class='ocr_line' id='line_1_5' title="bbox 290 725 1286 809; baseline -0.003 -17"><span class='ocrx_word' id='word_1_22' title='bbox 290 728 372 794; x_wconf 78' lang='lat' dir='ltr'>Hec</span> <span class='ocrx_word' id='word_1_23' title='bbox 396 728 548 793; x_wconf 80' lang='lat' dir='ltr'>tumultu</span> <span class='ocrx_word' id='word_1_24' title='bbox 572 726 802 792; x_wconf 80' lang='lat' dir='ltr'>Athenienses</span> <span class='ocrx_word' id='word_1_25' title='bbox 825 736 897 791; x_wconf 94' lang='lat' dir='ltr'>tam</span> <span class='ocrx_word' id='word_1_26' title='bbox 922 725 1119 809; x_wconf 81' lang='lat' dir='ltr'>propinquo</span> <span class='ocrx_word' id='word_1_27' title='bbox 1144 735 1286 808; x_wconf 90' lang='lat' dir='ltr'>tamque</span> 
     </span>
     <span class='ocr_line' id='line_1_6' title="bbox 220 834 1320 922; baseline -0.005 -19"><span class='ocrx_word' id='word_1_28' title='bbox 220 844 350 922; x_wconf 80' lang='lat' dir='ltr'>magno</span> <span class='ocrx_word' id='word_1_29' title='bbox 372 843 522 922; x_wconf 82' lang='lat' dir='ltr'>permoti</span> <span class='ocrx_word' id='word_1_30' title='bbox 543 836 711 902; x_wconf 89' lang='lat' dir='ltr'>auxilium</span> <span class='ocrx_word' id='word_1_31' title='bbox 733 841 903 919; x_wconf 83' lang='lat' dir='ltr'>nusquam</span> <span class='ocrx_word' id='word_1_32' title='bbox 926 835 989 900; x_wconf 91' lang='lat' dir='ltr'>nisi</span> <span class='ocrx_word' id='word_1_33' title='bbox 1011 841 1031 899; x_wconf 78' lang='lat' dir='ltr'>a</span> <span class='ocrx_word' id='word_1_34' title='bbox 1053 834 1320 900; x_wconf 81' lang='lat' dir='ltr'>Lacedaemo-5</span> 
     </span>
     <span class='ocr_line' id='line_1_7' title="bbox 220 943 1286 1032; baseline -0.005 -19"><span class='ocrx_word' id='word_1_35' title='bbox 220 948 284 1013; x_wconf 90' lang='lat' dir='ltr'>niis</span> <span class='ocrx_word' id='word_1_36' title='bbox 306 952 503 1032; x_wconf 87' lang='lat' dir='ltr'>petiverunt</span> <span class='ocrx_word' id='word_1_37' title='bbox 525 945 820 1029; x_wconf 88' lang='lat' dir='ltr'>Phidippumque,</span> <span class='ocrx_word' id='word_1_38' title='bbox 842 950 1020 1009; x_wconf 79' lang='lat' dir='ltr'>cursorem</span> <span class='ocrx_word' id='word_1_39' title='bbox 1043 945 1116 1009; x_wconf 91' lang='lat' dir='ltr'>eius</span> <span class='ocrx_word' id='word_1_40' title='bbox 1139 943 1286 1028; x_wconf 72' lang='lat' dir='ltr'>generis</span> 
     </span>
     <span class='ocr_line' id='line_1_8' title="bbox 218 1053 1286 1141; baseline -0.005 -20"><span class='ocrx_word' id='word_1_41' title='bbox 218 1063 278 1141; x_wconf 89' lang='lat' dir='ltr'>qui</span> <span class='ocrx_word' id='word_1_42' title='bbox 290 1056 581 1122; x_wconf 89' lang='lat' dir='ltr'>hemerodromoe</span> <span class='ocrx_word' id='word_1_43' title='bbox 595 1065 773 1132; x_wconf 87' lang='lat' dir='ltr'>vocantur,</span> <span class='ocrx_word' id='word_1_44' title='bbox 789 1053 1092 1120; x_wconf 87' lang='lat' dir='ltr'>Lacedaemonem</span> <span class='ocrx_word' id='word_1_45' title='bbox 1106 1058 1286 1129; x_wconf 88' lang='lat' dir='ltr'>miserunt,</span> 
     </span>
     <span class='ocr_line' id='line_1_9' title="bbox 217 1146 1352 1250; baseline -0.006 -17"><span class='ocrx_word' id='word_1_46' title='bbox 217 1178 256 1233; x_wconf 94' lang='lat' dir='ltr'>ut</span> <span class='ocrx_word' id='word_1_47' title='bbox 275 1166 449 1232; x_wconf 74' lang='lat' dir='ltr'>nuntiaret</span> <span class='ocrx_word' id='word_1_48' title='bbox 468 1185 572 1250; x_wconf 93' lang='lat' dir='ltr'>quam</span> <span class='ocrx_word' id='word_1_49' title='bbox 591 1165 769 1230; x_wconf 79' lang='lat' dir='ltr'>celerrimo</span> <span class='ocrx_word' id='word_1_50' title='bbox 790 1185 879 1247; x_wconf 95' lang='lat' dir='ltr'>opus</span> <span class='ocrx_word' id='word_1_51' title='bbox 899 1184 973 1229; x_wconf 89' lang='lat' dir='ltr'>esse</span> <span class='ocrx_word' id='word_1_52' title='bbox 991 1162 1170 1228; x_wconf 64' lang='lat' dir='ltr'>auxilio!</span> <span class='ocrx_word' id='word_1_53' title='bbox 1178 1162 1286 1228; x_wconf 86' lang='lat' dir='ltr'>Domi</span> <span class='ocrx_word' id='word_1_54' title='bbox 1344 1146 1352 1156; x_wconf 44' lang='lat'>⁵</span> 
     </span>
     <span class='ocr_line' id='line_1_10' title="bbox 219 1271 1285 1356; baseline -0.007 -16"><span class='ocrx_word' id='word_1_55' title='bbox 219 1285 335 1340; x_wconf 91' lang='lat' dir='ltr'>autem</span> <span class='ocrx_word' id='word_1_56' title='bbox 350 1284 466 1339; x_wconf 87' lang='lat' dir='ltr'>creant</span> <span class='ocrx_word' id='word_1_57' title='bbox 481 1273 602 1339; x_wconf 91' lang='lat' dir='ltr'>decem</span> <span class='ocrx_word' id='word_1_58' title='bbox 617 1279 802 1356; x_wconf 84' lang='lat' dir='ltr'>praetores,</span> <span class='ocrx_word' id='word_1_59' title='bbox 819 1278 879 1356; x_wconf 90' lang='lat' dir='ltr'>qui</span> <span class='ocrx_word' id='word_1_60' title='bbox 894 1271 1061 1338; x_wconf 88' lang='lat' dir='ltr'>exercitui</span> <span class='ocrx_word' id='word_1_61' title='bbox 1077 1279 1285 1355; x_wconf 87' lang='lat' dir='ltr'>praeessent,</span> 
     </span>
     <span class='ocr_line' id='line_1_11' title="bbox 221 1379 1339 1467; baseline -0.005 -19"><span class='ocrx_word' id='word_1_62' title='bbox 221 1383 256 1448; x_wconf 93' lang='lat' dir='ltr'>in</span> <span class='ocrx_word' id='word_1_63' title='bbox 286 1389 334 1449; x_wconf 90' lang='lat' dir='ltr'>eis</span> <span class='ocrx_word' id='word_1_64' title='bbox 366 1382 575 1462; x_wconf 89' lang='lat' dir='ltr'>Miltiadem;</span> <span class='ocrx_word' id='word_1_65' title='bbox 605 1383 695 1448; x_wconf 89' lang='lat' dir='ltr'>inter</span> <span class='ocrx_word' id='word_1_66' title='bbox 725 1389 814 1467; x_wconf 83' lang='lat' dir='ltr'>quos</span> <span class='ocrx_word' id='word_1_67' title='bbox 843 1387 972 1466; x_wconf 75' lang='lat' dir='ltr'>magna</span> <span class='ocrx_word' id='word_1_68' title='bbox 1001 1380 1067 1446; x_wconf 83' lang='lat' dir='ltr'>fuit</span> <span class='ocrx_word' id='word_1_69' title='bbox 1096 1379 1339 1456; x_wconf 82' lang='lat' dir='ltr'>contentio,1o</span> 
     </span>
     <span class='ocr_line' id='line_1_12' title="bbox 220 1489 1286 1559; baseline -0.005 0"><span class='ocrx_word' id='word_1_70' title='bbox 220 1503 337 1559; x_wconf 89' lang='lat' dir='ltr'>utrum</span> <span class='ocrx_word' id='word_1_71' title='bbox 355 1492 540 1559; x_wconf 91' lang='lat' dir='ltr'>moenibus</span> <span class='ocrx_word' id='word_1_72' title='bbox 558 1499 594 1558; x_wconf 93' lang='lat' dir='ltr'>se</span> <span class='ocrx_word' id='word_1_73' title='bbox 611 1492 836 1558; x_wconf 77' lang='lat' dir='ltr'>defenderent</span> <span class='ocrx_word' id='word_1_74' title='bbox 855 1513 898 1557; x_wconf 94' lang='lat' dir='ltr'>an</span> <span class='ocrx_word' id='word_1_75' title='bbox 917 1491 1055 1557; x_wconf 89' lang='lat' dir='ltr'>obviam</span> <span class='ocrx_word' id='word_1_76' title='bbox 1072 1496 1161 1554; x_wconf 92' lang='lat' dir='ltr'>irent</span> <span class='ocrx_word' id='word_1_77' title='bbox 1181 1489 1286 1555; x_wconf 91' lang='lat' dir='ltr'>hosti-</span> 
     </span>
     <span class='ocr_line' id='line_1_13' title="bbox 219 1580 1287 1687; baseline -0.005 -19"><span class='ocrx_word' id='word_1_78' title='bbox 219 1604 284 1668; x_wconf 91' lang='lat' dir='ltr'>bus</span> <span class='ocrx_word' id='word_1_79' title='bbox 296 1603 438 1687; x_wconf 77' lang='lat' dir='ltr'>acieque</span> <span class='ocrx_word' id='word_1_80' title='bbox 452 1602 687 1668; x_wconf 87' lang='lat' dir='ltr'>decemerent.</span> <span class='ocrx_word' id='word_1_81' title='bbox 726 1580 829 1667; x_wconf 74' lang='lat' dir='ltr'>Unus</span> <span class='ocrx_word' id='word_1_82' title='bbox 844 1601 1019 1667; x_wconf 76' lang='lat' dir='ltr'>Miltiades</span> <span class='ocrx_word' id='word_1_83' title='bbox 1033 1599 1186 1666; x_wconf 70' lang='lat' dir='ltr'>mexime</span> <span class='ocrx_word' id='word_1_84' title='bbox 1200 1604 1287 1664; x_wconf 90' lang='lat' dir='ltr'>nite·</span> 
     </span>
     <span class='ocr_line' id='line_1_14' title="bbox 220 1709 1287 1796; baseline -0.005 -18"><span class='ocrx_word' id='word_1_85' title='bbox 220 1713 321 1778; x_wconf 74' lang='lat' dir='ltr'>betur</span> <span class='ocrx_word' id='word_1_86' title='bbox 337 1723 374 1778; x_wconf 88' lang='lat' dir='ltr'>ut</span> <span class='ocrx_word' id='word_1_87' title='bbox 390 1719 502 1796; x_wconf 83' lang='lat' dir='ltr'>primo</span> <span class='ocrx_word' id='word_1_88' title='bbox 519 1718 659 1796; x_wconf 83' lang='lat' dir='ltr'>quoque</span> <span class='ocrx_word' id='word_1_89' title='bbox 675 1722 831 1795; x_wconf 88' lang='lat' dir='ltr'>tempore</span> <span class='ocrx_word' id='word_1_90' title='bbox 848 1721 956 1777; x_wconf 90' lang='lat' dir='ltr'>castra</span> <span class='ocrx_word' id='word_1_91' title='bbox 972 1710 1109 1789; x_wconf 81' lang='lat' dir='ltr'>fierent3</span> <span class='ocrx_word' id='word_1_92' title='bbox 1124 1709 1159 1774; x_wconf 94' lang='lat' dir='ltr'>id</span> <span class='ocrx_word' id='word_1_93' title='bbox 1176 1716 1204 1775; x_wconf 90' lang='lat' dir='ltr'>si</span> <span class='ocrx_word' id='word_1_94' title='bbox 1219 1709 1287 1774; x_wconf 88' lang='lat' dir='ltr'>lac-</span> 
     </span>
     <span class='ocr_line' id='line_1_15' title="bbox 220 1818 1287 1898; baseline -0.005 -11"><span class='ocrx_word' id='word_1_95' title='bbox 220 1832 295 1887; x_wconf 92' lang='lat' dir='ltr'>tum</span> <span class='ocrx_word' id='word_1_96' title='bbox 310 1831 410 1898; x_wconf 85' lang='lat' dir='ltr'>esset,</span> <span class='ocrx_word' id='word_1_97' title='bbox 426 1830 459 1886; x_wconf 92' lang='lat' dir='ltr'>et</span> <span class='ocrx_word' id='word_1_98' title='bbox 473 1821 605 1886; x_wconf 89' lang='lat' dir='ltr'>civibus</span> <span class='ocrx_word' id='word_1_99' title='bbox 620 1821 774 1886; x_wconf 92' lang='lat' dir='ltr'>animum</span> <span class='ocrx_word' id='word_1_100' title='bbox 789 1825 1018 1897; x_wconf 82' lang='lat' dir='ltr'>accessurum,</span> <span class='ocrx_word' id='word_1_101' title='bbox 1035 1840 1114 1884; x_wconf 91' lang='lat' dir='ltr'>cum</span> <span class='ocrx_word' id='word_1_102' title='bbox 1130 1818 1287 1885; x_wconf 87' lang='lat' dir='ltr'>viderent</span> 
     </span>
     <span class='ocr_line' id='line_1_16' title="bbox 221 1928 1337 2014; baseline -0.005 -18"><span class='ocrx_word' id='word_1_103' title='bbox 221 1930 265 1996; x_wconf 91' lang='lat' dir='ltr'>de</span> <span class='ocrx_word' id='word_1_104' title='bbox 289 1936 412 1996; x_wconf 82' lang='lat' dir='ltr'>eorum</span> <span class='ocrx_word' id='word_1_105' title='bbox 437 1929 563 1996; x_wconf 84' lang='lat' dir='ltr'>virtute</span> <span class='ocrx_word' id='word_1_106' title='bbox 589 1936 660 1994; x_wconf 83' lang='lat' dir='ltr'>non</span> <span class='ocrx_word' id='word_1_107' title='bbox 686 1930 869 2014; x_wconf 72' lang='lat' dir='ltr'>desperari,</span> <span class='ocrx_word' id='word_1_108' title='bbox 895 1940 930 1995; x_wconf 93' lang='lat' dir='ltr'>et</span> <span class='ocrx_word' id='word_1_109' title='bbox 958 1929 1076 1995; x_wconf 90' lang='lat' dir='ltr'>hostes</span> <span class='ocrx_word' id='word_1_110' title='bbox 1103 1928 1225 1995; x_wconf 80' lang='lat' dir='ltr'>eadem</span> <span class='ocrx_word' id='word_1_111' title='bbox 1251 1934 1287 1994; x_wconf 89' lang='lat' dir='ltr'>re</span> <span class='ocrx_word' id='word_1_112' title='bbox 1307 1952 1337 2003; x_wconf 75' lang='grc' dir='ltr'>ις</span> 
     </span>
     <span class='ocr_line' id='line_1_17' title="bbox 221 2038 1287 2117; baseline -0.001 -12"><span class='ocrx_word' id='word_1_113' title='bbox 221 2040 295 2106; x_wconf 83' lang='lat' dir='ltr'>fore</span> <span class='ocrx_word' id='word_1_114' title='bbox 321 2040 499 2117; x_wconf 83' lang='lat' dir='ltr'>tardiores,</span> <span class='ocrx_word' id='word_1_115' title='bbox 525 2046 554 2104; x_wconf 91' lang='lat' dir='ltr'>si</span> <span class='ocrx_word' id='word_1_116' title='bbox 577 2039 893 2106; x_wconf 87' lang='lat' dir='ltr'>animadverterent</span> <span class='ocrx_word' id='word_1_117' title='bbox 918 2038 1036 2116; x_wconf 87' lang='lat' dir='ltr'>auderi</span> <span class='ocrx_word' id='word_1_118' title='bbox 1061 2038 1225 2105; x_wconf 89' lang='lat' dir='ltr'>adversus</span> <span class='ocrx_word' id='word_1_119' title='bbox 1250 2044 1287 2104; x_wconf 90' lang='lat' dir='ltr'>se</span> 
     </span>
     <span class='ocr_line' id='line_1_18' title="bbox 218 2149 815 2235; baseline -0.003 -19"><span class='ocrx_word' id='word_1_120' title='bbox 218 2160 290 2216; x_wconf 89' lang='lat' dir='ltr'>tam</span> <span class='ocrx_word' id='word_1_121' title='bbox 307 2150 444 2235; x_wconf 87' lang='lat' dir='ltr'>exiguis</span> <span class='ocrx_word' id='word_1_122' title='bbox 461 2149 569 2233; x_wconf 81' lang='lat' dir='ltr'>copiis</span> <span class='ocrx_word' id='word_1_123' title='bbox 585 2149 750 2215; x_wconf 74' lang='lat' dir='ltr'>dimiceri.</span> <span class='ocrx_word' id='word_1_124' title='bbox 794 2165 815 2187; x_wconf 76' lang='lat'><strong><em>⁹</em></strong></span> 
     </span>
    </p>

    <p class='ocr_par' dir='ltr' id='par_1_4' title="bbox 219 2254 1340 3763">
     <span class='ocr_line' id='line_1_19' title="bbox 289 2254 1287 2341; baseline -0.003 -18"><span class='ocrx_word' id='word_1_125' title='bbox 289 2257 332 2323; x_wconf 86' lang='lat' dir='ltr'>V.</span> <span class='ocrx_word' id='word_1_126' title='bbox 349 2257 431 2322; x_wconf 83' lang='lat' dir='ltr'>Hoc</span> <span class='ocrx_word' id='word_1_127' title='bbox 445 2258 650 2341; x_wconf 87' lang='lat' dir='ltr'>intempore</span> <span class='ocrx_word' id='word_1_128' title='bbox 664 2257 756 2322; x_wconf 83' lang='lat' dir='ltr'>nulla</span> <span class='ocrx_word' id='word_1_129' title='bbox 771 2257 891 2323; x_wconf 75' lang='lat' dir='ltr'>civitas</span> <span class='ocrx_word' id='word_1_130' title='bbox 905 2256 1177 2323; x_wconf 84' lang='lat' dir='ltr'>Atheniensibus</span> <span class='ocrx_word' id='word_1_131' title='bbox 1190 2254 1287 2322; x_wconf 88' lang='lat' dir='ltr'>auxi-</span> 
     </span>
     <span class='ocr_line' id='line_1_20' title="bbox 220 2365 1285 2451; baseline -0.002 -19"><span class='ocrx_word' id='word_1_132' title='bbox 220 2367 266 2432; x_wconf 78' lang='lat' dir='ltr'>lio</span> <span class='ocrx_word' id='word_1_133' title='bbox 295 2367 358 2432; x_wconf 83' lang='lat' dir='ltr'>fuit</span> <span class='ocrx_word' id='word_1_134' title='bbox 387 2378 520 2451; x_wconf 88' lang='lat' dir='ltr'>praeter</span> <span class='ocrx_word' id='word_1_135' title='bbox 550 2366 781 2444; x_wconf 84' lang='lat' dir='ltr'>Plataeenses;</span> <span class='ocrx_word' id='word_1_136' title='bbox 811 2388 851 2432; x_wconf 92' lang='lat' dir='ltr'>ea</span> <span class='ocrx_word' id='word_1_137' title='bbox 879 2366 972 2432; x_wconf 91' lang='lat' dir='ltr'>mille</span> <span class='ocrx_word' id='word_1_138' title='bbox 1002 2365 1096 2431; x_wconf 89' lang='lat' dir='ltr'>misit</span> <span class='ocrx_word' id='word_1_139' title='bbox 1126 2365 1285 2431; x_wconf 89' lang='lat' dir='ltr'>militum.</span> 
     </span>
     <span class='ocr_line' id='line_1_21' title="bbox 223 2475 1340 2560; baseline -0.004 -18"><span class='ocrx_word' id='word_1_140' title='bbox 223 2476 345 2560; x_wconf 91' lang='lat' dir='ltr'>Itaque</span> <span class='ocrx_word' id='word_1_141' title='bbox 369 2477 494 2542; x_wconf 84' lang='lat' dir='ltr'>horum</span> <span class='ocrx_word' id='word_1_142' title='bbox 517 2475 670 2541; x_wconf 83' lang='lat' dir='ltr'>adventu</span> <span class='ocrx_word' id='word_1_143' title='bbox 694 2476 815 2542; x_wconf 90' lang='lat' dir='ltr'>decem</span> <span class='ocrx_word' id='word_1_144' title='bbox 839 2476 933 2542; x_wconf 94' lang='lat' dir='ltr'>milia</span> <span class='ocrx_word' id='word_1_145' title='bbox 955 2477 1168 2541; x_wconf 71' lang='lat' dir='ltr'>armeterum</span> <span class='ocrx_word' id='word_1_146' title='bbox 1193 2495 1287 2540; x_wconf 91' lang='lat' dir='ltr'>com·</span> <span class='ocrx_word' id='word_1_147' title='bbox 1306 2500 1340 2538; x_wconf 62' lang='grc' dir='ltr'>ιο</span> 
     </span>
     <span class='ocr_line' id='line_1_22' title="bbox 220 2583 1287 2669; baseline -0.002 -19"><span class='ocrx_word' id='word_1_148' title='bbox 220 2586 312 2669; x_wconf 90' lang='lat' dir='ltr'>pleta</span> <span class='ocrx_word' id='word_1_149' title='bbox 329 2595 419 2662; x_wconf 85' lang='lat' dir='ltr'>sunt,</span> <span class='ocrx_word' id='word_1_150' title='bbox 436 2606 525 2668; x_wconf 87' lang='lat' dir='ltr'>quae</span> <span class='ocrx_word' id='word_1_151' title='bbox 542 2605 664 2650; x_wconf 89' lang='lat' dir='ltr'>manus</span> <span class='ocrx_word' id='word_1_152' title='bbox 682 2584 829 2649; x_wconf 59' lang='lat' dir='ltr'>mirabili</span> <span class='ocrx_word' id='word_1_153' title='bbox 846 2584 1013 2669; x_wconf 77' lang='lat' dir='ltr'>flagribat</span> <span class='ocrx_word' id='word_1_154' title='bbox 1030 2583 1210 2667; x_wconf 83' lang='lat' dir='ltr'>pugnandi</span> <span class='ocrx_word' id='word_1_155' title='bbox 1229 2604 1287 2648; x_wconf 91' lang='lat' dir='ltr'>cu-</span> 
     </span>
     <span class='ocr_line' id='line_1_23' title="bbox 220 2692 1287 2778; baseline 0.001 -19"><span class='ocrx_word' id='word_1_156' title='bbox 220 2694 363 2778; x_wconf 78' lang='lat' dir='ltr'>piditate</span> <span class='ocrx_word' id='word_1_157' title='bbox 369 2717 377 2774; x_wconf 83' lang='lat'><em>3</em></span> <span class='ocrx_word' id='word_1_158' title='bbox 391 2700 462 2778; x_wconf 83' lang='lat' dir='ltr'>quo</span> <span class='ocrx_word' id='word_1_159' title='bbox 475 2693 604 2759; x_wconf 86' lang='lat' dir='ltr'>lactum</span> <span class='ocrx_word' id='word_1_160' title='bbox 618 2704 669 2761; x_wconf 93' lang='lat' dir='ltr'>est</span> <span class='ocrx_word' id='word_1_161' title='bbox 683 2704 720 2759; x_wconf 95' lang='lat' dir='ltr'>ut</span> <span class='ocrx_word' id='word_1_162' title='bbox 733 2694 809 2778; x_wconf 82' lang='lat' dir='ltr'>plus</span> <span class='ocrx_word' id='word_1_163' title='bbox 823 2714 927 2778; x_wconf 93' lang='lat' dir='ltr'>quam</span> <span class='ocrx_word' id='word_1_164' title='bbox 941 2693 1096 2778; x_wconf 86' lang='lat' dir='ltr'>collegae</span> <span class='ocrx_word' id='word_1_165' title='bbox 1111 2692 1287 2760; x_wconf 90' lang='lat' dir='ltr'>Miltiades</span> 
     </span>
     <span class='ocr_line' id='line_1_24' title="bbox 219 2784 1286 2888; baseline -0.001 -18"><span class='ocrx_word' id='word_1_166' title='bbox 219 2806 356 2870; x_wconf 90' lang='lat' dir='ltr'>valeret.</span> <span class='ocrx_word' id='word_1_167' title='bbox 398 2784 483 2869; x_wconf 66' lang='lat' dir='ltr'>Eius</span> <span class='ocrx_word' id='word_1_168' title='bbox 500 2810 586 2888; x_wconf 83' lang='lat' dir='ltr'>ergo</span> <span class='ocrx_word' id='word_1_169' title='bbox 602 2803 808 2870; x_wconf 56' lang='lat' dir='ltr'>auctoritate</span> <span class='ocrx_word' id='word_1_170' title='bbox 824 2804 964 2888; x_wconf 88' lang='lat' dir='ltr'>impulsi</span> <span class='ocrx_word' id='word_1_171' title='bbox 980 2802 1211 2869; x_wconf 79' lang='lat' dir='ltr'>Athenienses</span> <span class='ocrx_word' id='word_1_172' title='bbox 1229 2809 1286 2869; x_wconf 77' lang='grc' dir='ltr'>οό-</span> 
     </span>
     <span class='ocr_line' id='line_1_25' title="bbox 219 2912 1284 2997; baseline 0.001 -20"><span class='ocrx_word' id='word_1_173' title='bbox 219 2913 293 2997; x_wconf 78' lang='lat' dir='ltr'>pias</span> <span class='ocrx_word' id='word_1_174' title='bbox 310 2936 354 2979; x_wconf 88' lang='lat' dir='ltr'>ex</span> <span class='ocrx_word' id='word_1_175' title='bbox 370 2915 454 2979; x_wconf 91' lang='lat' dir='ltr'>urbe</span> <span class='ocrx_word' id='word_1_176' title='bbox 470 2913 668 2979; x_wconf 82' lang='lat' dir='ltr'>eduxerunt</span> <span class='ocrx_word' id='word_1_177' title='bbox 685 2913 834 2996; x_wconf 82' lang='lat' dir='ltr'>locoque</span> <span class='ocrx_word' id='word_1_178' title='bbox 850 2912 977 2979; x_wconf 77' lang='lat' dir='ltr'>ideneo</span> <span class='ocrx_word' id='word_1_179' title='bbox 994 2923 1104 2979; x_wconf 88' lang='lat' dir='ltr'>castra</span> <span class='ocrx_word' id='word_1_180' title='bbox 1119 2913 1284 2978; x_wconf 82' lang='lat' dir='ltr'>fecerunt.</span> 
     </span>
     <span class='ocr_line' id='line_1_26' title="bbox 222 3022 1337 3108; baseline -0.004 -19"><span class='ocrx_word' id='word_1_181' title='bbox 222 3024 312 3089; x_wconf 90' lang='lat' dir='ltr'>Dein</span> <span class='ocrx_word' id='word_1_182' title='bbox 330 3029 473 3108; x_wconf 78' lang='lat' dir='ltr'>postero</span> <span class='ocrx_word' id='word_1_183' title='bbox 492 3023 546 3088; x_wconf 92' lang='lat' dir='ltr'>die</span> <span class='ocrx_word' id='word_1_184' title='bbox 564 3023 628 3088; x_wconf 91' lang='lat' dir='ltr'>sub</span> <span class='ocrx_word' id='word_1_185' title='bbox 646 3023 774 3089; x_wconf 90' lang='lat' dir='ltr'>montis</span> <span class='ocrx_word' id='word_1_186' title='bbox 792 3023 964 3089; x_wconf 72' lang='lat' dir='ltr'>radicibus</span> <span class='ocrx_word' id='word_1_187' title='bbox 982 3022 1054 3089; x_wconf 90' lang='lat' dir='ltr'>acie</span> <span class='ocrx_word' id='word_1_188' title='bbox 1072 3023 1217 3108; x_wconf 77' lang='lat' dir='ltr'>regiene</span> <span class='ocrx_word' id='word_1_189' title='bbox 1235 3029 1286 3087; x_wconf 78' lang='lat' dir='ltr'>In·</span> <span class='ocrx_word' id='word_1_190' title='bbox 1305 3047 1337 3098; x_wconf 81' lang='lat'>25</span> 
     </span>
     <span class='ocr_line' id='line_1_27' title="bbox 220 3118 1286 3216; baseline -0.002 -17"><span class='ocrx_word' id='word_1_191' title='bbox 220 3139 350 3199; x_wconf 78' lang='lat' dir='ltr'>structa</span> <span class='ocrx_word' id='word_1_192' title='bbox 372 3139 443 3197; x_wconf 84' lang='lat' dir='ltr'>non</span> <span class='ocrx_word' id='word_1_193' title='bbox 465 3131 876 3216; x_wconf 75' lang='lat' dir='ltr'>apertissime—namque</span> <span class='ocrx_word' id='word_1_194' title='bbox 898 3133 1039 3198; x_wconf 88' lang='lat' dir='ltr'>arbores</span> <span class='ocrx_word' id='word_1_195' title='bbox 1062 3118 1179 3198; x_wconf 92' lang='lat' dir='ltr'>multis</span> <span class='ocrx_word' id='word_1_196' title='bbox 1203 3133 1286 3198; x_wconf 88' lang='lat' dir='ltr'>locis</span> 
     </span>
     <span class='ocr_line' id='line_1_28' title="bbox 219 3241 1286 3325; baseline -0.003 -17"><span class='ocrx_word' id='word_1_197' title='bbox 219 3254 315 3308; x_wconf 89' lang='lat' dir='ltr'>erant</span> <span class='ocrx_word' id='word_1_198' title='bbox 332 3242 646 3325; x_wconf 75' lang='lat' dir='ltr'>retae-proelium</span> <span class='ocrx_word' id='word_1_199' title='bbox 665 3247 914 3307; x_wconf 87' lang='lat' dir='ltr'>commiserunt</span> <span class='ocrx_word' id='word_1_200' title='bbox 932 3241 1000 3307; x_wconf 82' lang='lat' dir='ltr'>hoc</span> <span class='ocrx_word' id='word_1_201' title='bbox 1019 3241 1174 3320; x_wconf 78' lang='lat' dir='ltr'>consilio,</span> <span class='ocrx_word' id='word_1_202' title='bbox 1195 3253 1233 3306; x_wconf 92' lang='lat' dir='ltr'>ut</span> <span class='ocrx_word' id='word_1_203' title='bbox 1252 3251 1286 3308; x_wconf 91' lang='lat' dir='ltr'>et</span> 
     </span>
     <span class='ocr_line' id='line_1_29' title="bbox 219 3348 1286 3435; baseline -0.004 -18"><span class='ocrx_word' id='word_1_204' title='bbox 219 3351 392 3418; x_wconf 90' lang='lat' dir='ltr'>montium</span> <span class='ocrx_word' id='word_1_205' title='bbox 409 3351 588 3417; x_wconf 79' lang='lat' dir='ltr'>altitudine</span> <span class='ocrx_word' id='word_1_206' title='bbox 606 3361 809 3435; x_wconf 87' lang='lat' dir='ltr'>tegerentur</span> <span class='ocrx_word' id='word_1_207' title='bbox 827 3361 863 3417; x_wconf 91' lang='lat' dir='ltr'>et</span> <span class='ocrx_word' id='word_1_208' title='bbox 881 3351 1043 3416; x_wconf 88' lang='lat' dir='ltr'>arborum</span> <span class='ocrx_word' id='word_1_209' title='bbox 1061 3356 1173 3416; x_wconf 74' lang='lat' dir='ltr'>trictu</span> <span class='ocrx_word' id='word_1_210' title='bbox 1192 3348 1286 3435; x_wconf 92' lang='lat' dir='ltr'>equi-</span> 
     </span>
     <span class='ocr_line' id='line_1_30' title="bbox 220 3460 1286 3544; baseline -0.006 -16"><span class='ocrx_word' id='word_1_211' title='bbox 220 3468 312 3528; x_wconf 78' lang='lat' dir='ltr'>tatus</span> <span class='ocrx_word' id='word_1_212' title='bbox 336 3461 488 3526; x_wconf 85' lang='lat' dir='ltr'>hostium</span> <span class='ocrx_word' id='word_1_213' title='bbox 514 3460 748 3544; x_wconf 87' lang='lat' dir='ltr'>impediretur,</span> <span class='ocrx_word' id='word_1_214' title='bbox 773 3467 816 3526; x_wconf 97' lang='lat' dir='ltr'>ne</span> <span class='ocrx_word' id='word_1_215' title='bbox 840 3460 1061 3526; x_wconf 83' lang='lat' dir='ltr'>multitudine</span> <span class='ocrx_word' id='word_1_216' title='bbox 1086 3460 1286 3526; x_wconf 89' lang='lat' dir='ltr'>clauderen-</span> 
     </span>
     <span class='ocr_line' id='line_1_31' title="bbox 219 3570 1340 3655; baseline -0.002 -19"><span class='ocrx_word' id='word_1_217' title='bbox 219 3581 304 3636; x_wconf 69' lang='lat' dir='ltr'>tur.⁸</span> <span class='ocrx_word' id='word_1_218' title='bbox 326 3571 437 3647; x_wconf 70' lang='lat' dir='ltr'>Datis</span> <span class='ocrx_word' id='word_1_219' title='bbox 454 3577 517 3636; x_wconf 89' lang='lat' dir='ltr'>etsi</span> <span class='ocrx_word' id='word_1_220' title='bbox 533 3576 603 3635; x_wconf 81' lang='lat' dir='ltr'>non</span> <span class='ocrx_word' id='word_1_221' title='bbox 618 3592 769 3655; x_wconf 91' lang='lat' dir='ltr'>aequum</span> <span class='ocrx_word' id='word_1_222' title='bbox 785 3572 901 3636; x_wconf 90' lang='lat' dir='ltr'>locum</span> <span class='ocrx_word' id='word_1_223' title='bbox 917 3570 1055 3636; x_wconf 89' lang='lat' dir='ltr'>videbat</span> <span class='ocrx_word' id='word_1_224' title='bbox 1073 3576 1153 3648; x_wconf 85' lang='lat' dir='ltr'>suis,</span> <span class='ocrx_word' id='word_1_225' title='bbox 1170 3581 1286 3634; x_wconf 92' lang='lat' dir='ltr'>tamen</span> <span class='ocrx_word' id='word_1_226' title='bbox 1305 3595 1340 3644; x_wconf 79' lang='lat'>30</span> 
     </span>
     <span class='ocr_line' id='line_1_32' title="bbox 220 3678 1286 3763; baseline -0.001 -20"><span class='ocrx_word' id='word_1_227' title='bbox 220 3678 329 3744; x_wconf 83' lang='lat' dir='ltr'>fretus</span> <span class='ocrx_word' id='word_1_228' title='bbox 355 3685 501 3743; x_wconf 83' lang='lat' dir='ltr'>numero</span> <span class='ocrx_word' id='word_1_229' title='bbox 527 3679 706 3762; x_wconf 58' lang='lat' dir='ltr'>copiarum</span> <span class='ocrx_word' id='word_1_230' title='bbox 733 3684 871 3743; x_wconf 77' lang='lat' dir='ltr'>suarum</span> <span class='ocrx_word' id='word_1_231' title='bbox 898 3678 1086 3763; x_wconf 83' lang='lat' dir='ltr'>confligere</span> <span class='ocrx_word' id='word_1_232' title='bbox 1114 3679 1286 3761; x_wconf 85' lang='lat' dir='ltr'>cupiebat,</span> 
     </span>
    </p>
   </div>
   <div class='ocr_carea' id='block_1_3' title="bbox 220 3780 1286 3884">
    <p class='ocr_par' dir='ltr' id='par_1_5' title="bbox 220 3780 1286 3884">
     <span class='ocr_line' id='line_1_33' title="bbox 220 3780 1286 3884; baseline 0.009 -32"><span class='ocrx_word' id='word_1_233' title='bbox 220 3792 334 3883; x_wconf 81' lang='lat' dir='ltr'>eoque</span> <span class='ocrx_word' id='word_1_234' title='bbox 356 3787 468 3884; x_wconf 83' lang='lat' dir='ltr'>magis</span> <span class='ocrx_word' id='word_1_235' title='bbox 491 3787 596 3884; x_wconf 87' lang='lat' dir='ltr'>quod,</span> <span class='ocrx_word' id='word_1_236' title='bbox 619 3787 819 3883; x_wconf 81' lang='lat' dir='ltr'>priusquam</span> <span class='ocrx_word' id='word_1_237' title='bbox 842 3787 1109 3864; x_wconf 77' lang='lat' dir='ltr'>Lacedaemonii</span> <span class='ocrx_word' id='word_1_238' title='bbox 1131 3780 1286 3862; x_wconf 76' lang='lat' dir='ltr'>subsidio</span> 
     </span>
    </p>
   </div>
   <div class='ocr_carea' id='block_1_4' title="bbox 0 0 1500 4358">
    <p class='ocr_par' dir='ltr' id='par_1_6' title="bbox 0 0 1500 4358">
     <span class='ocr_line' id='line_1_34' title="bbox 0 0 1500 4358; baseline 0 0"><span class='ocrx_word' id='word_1_239' title='bbox 0 0 1500 4358; x_wconf 95' lang='lat' dir='ltr'> </span> 
     </span>
    </p>
   </div>
  </div>
 </body>
</html>
