2992 4358
606 194 794 248 CORNELII
821 193 989 246 NEPOTIS

334 373 491 437 Primum
510 371 699 454 imperetor
716 370 808 454 apud
829 369 958 435 flumen
978 368 1167 453 Strymona
1187 375 1333 454 megnas

264 480 382 564 copies
403 479 598 545 Thraecum
621 477 768 564 fugivit,
792 477 961 561 oppidum
983 477 1227 563 Amphipolim
1250 484 1331 543 con-

264 589 374 656 stituit
401 594 513 688 eoque
539 588 660 653 decem
686 587 779 652 milia
804 586 1072 652 Atheniensium
1099 587 1134 650 in
1160 586 1332 652 coloniam

264 698 367 765 misit.
414 698 513 764 Idem
534 696 660 762 iterum
681 696 869 780 imperator
890 695 982 779 apud
1003 694 1165 780 Mycalen
1188 694 1332 780 Cyprio-

262 829 339 873 rum
357 818 391 874 et
411 806 629 879 Phoenicum
647 806 875 872 ducentarum
893 805 1035 870 nevium
1053 805 1198 870 classem
1218 804 1294 870 devi
1335 817 1366 882 '5

263 927 335 982 tarn
353 917 444 1001 cepit
464 916 659 1000 eodemque
678 915 734 981 die
752 920 825 999 pari
844 915 983 981 fortune
1002 914 1037 978 in
1055 920 1147 980 terre
1165 919 1248 980 usus
1268 923 1329 980 est.

263 1026 426 1110 Namque
442 1026 596 1092 hostium
611 1025 757 1091 nevibus
774 1031 885 1109 captis
900 1023 1015 1089 statim
1031 1045 1075 1089 ex
1092 1024 1197 1117 classe
1214 1022 1331 1107 copias

263 1143 342 1203 sues
367 1136 489 1202 eduxit
514 1136 810 1219 barbarorumque
837 1134 1027 1199 maximam
1053 1133 1125 1199 vim
1151 1138 1222 1199 uno
1249 1154 1331 1198 con-

264 1251 365 1312 cursu
386 1247 580 1330 prestrevit.
629 1245 710 1331 Que
732 1243 876 1311 victorie
899 1249 1028 1329 megne
1050 1241 1178 1327 praede
1199 1248 1331 1326 potitus

263 1376 345 1421 cum
364 1355 510 1421 domum
530 1361 770 1432 reverteretur,
791 1353 885 1438 quod
905 1354 973 1418 iarn
993 1352 1180 1418 nonnullae
1200 1350 1332 1416 insulae
1353 1381 1385 1417 10

263 1474 405 1548 propter
424 1464 651 1531 acerbitatem
671 1463 806 1547 imperii
826 1461 1033 1539 deiecerant,
1053 1462 1143 1527 bene
1163 1460 1332 1526 animatas

263 1572 493 1651 confirmevit,
515 1573 678 1639 alienetes
699 1573 742 1638 ad
764 1571 918 1638 officium
941 1571 1051 1637 redire
1073 1568 1200 1655 coegit.
1247 1568 1331 1653 Scy-

263 1702 351 1759 rum,
369 1702 475 1765 quam
492 1687 534 1748 ee
551 1692 709 1766 ternpore
729 1682 887 1765 Dolopes
906 1680 1115 1758 incolebant,
1134 1679 1229 1765 quod
1249 1701 1331 1746 con-

262 1791 434 1856 tumecius
458 1797 493 1857 se
517 1802 706 1876 gesserant,
730 1790 931 1869 vacuefecit,
956 1796 1174 1875 possessores
1198 1796 1330 1856 veteres

263 1900 347 1971 urbe
372 1902 554 1984 insuleque
581 1901 692 1978 eiecit,
719 1908 822 1986 agros
849 1900 981 1966 civibus
1007 1900 1132 1966 divisit.
1183 1898 1330 1963 Thasios
1352 1926 1382 1975 15
1458 1902 1459 1955 i

263 2010 440 2094 opulentie
461 2011 567 2077 fretos
588 2018 652 2077 suo
673 2012 822 2078 adventu
844 2011 957 2096 fregit.
1005 2010 1073 2075 His
1095 2032 1140 2075 ex
1160 2006 1330 2073 manubiis

262 2140 323 2184 arx
341 2119 570 2198 Athenerum
590 2126 659 2204 que
676 2120 719 2186 ad
736 2120 917 2187 meridiem
936 2119 1060 2204 vergit,
1080 2128 1131 2184 est
1151 2123 1282 2183 fimeta.

332 2228 399 2294 ΙΙΙ.
427 2228 564 2313 Quibus
579 2231 682 2295 rebus
696 2251 776 2295 cum
791 2236 881 2294 unus
896 2229 931 2294 in
946 2228 1086 2295 civitete
1101 2227 1253 2293 mexime
1268 2225 1330 2317 flo-

263 2344 362 2414 reret,
384 2337 502 2404 incidit
523 2339 558 2403 in
579 2332 723 2404 eandem
744 2338 908 2404 invidiam
929 2358 1034 2422 quam
1056 2347 1154 2421 pater
1173 2356 1255 2401 suus
1276 2342 1329 2401 ce·

261 2453 394 2532 terique
416 2446 682 2514 Atheniensium
705 2447 877 2531 principes
884 2469 891 2525 ;
915 2468 995 2511 nam
1018 2452 1185 2512 testerum
1208 2443 1329 2510 suffre-
1350 2472 1385 2508 20
1458 2458 1459 2463 ’

263 2555 329 2640 giis
350 2556 469 2621 decem
490 2563 669 2621 annorum
682 2556 804 2623 exsilio
826 2556 992 2621 multatus
1014 2566 1074 2622 est.
1121 2554 1228 2621 Cuius
1249 2552 1330 2619 iacti

263 2664 406 2731 celerius
426 2665 658 2731 Athenienses
679 2685 784 2749 quam
805 2665 920 2749 ipsum
942 2664 1111 2749 paenituit
1118 2687 1125 2742 ;
1147 2683 1227 2729 narn
1249 2683 1330 2727 curn

264 2772 319 2838 ille
346 2773 462 2838 animo
490 2773 570 2839 forti
597 2773 743 2839 invidiae
772 2773 989 2859 ingretorum
1018 2774 1146 2840 civium
1174 2771 1330 2837 cessisset

263 2881 462 2964 bellumque
498 2881 769 2949 Lacedaemonii
806 2882 1078 2949 Atheniensibus
1114 2881 1329 2959 indixissent,

264 2990 446 3056 confestim
474 2998 578 3057 notae
605 2993 679 3057 eius
706 2993 843 3059 virtutis
869 2992 1077 3058 desiderium
1104 2996 1331 3057 consecutum
1350 3016 1382 3065 25

264 3110 324 3167 est.
369 3101 491 3185 Itaque
510 3112 589 3185 post
607 3123 737 3167 annum
756 3109 917 3186 quintum
937 3123 1042 3185 quarn
1062 3100 1228 3184 expulsus
1248 3110 1330 3176 erat,

262 3210 297 3275 in
313 3210 459 3294 patriam
476 3218 659 3277 revocetus
676 3223 737 3278 est.
781 3212 854 3289 Ille,
873 3212 968 3295 quod
986 3211 1139 3295 hospitio
1160 3211 1331 3277 Lacedae-

263 3319 462 3385 moniorum
491 3321 663 3398 utebetur,
692 3321 797 3387 satius
825 3320 1027 3386 existimans
1056 3319 1222 3386 Graeciae
1250 3318 1330 3385 civi-

264 3432 352 3494 tites
367 3428 410 3495 de
424 3430 669 3496 controversiis
686 3436 755 3494 suis
771 3429 862 3495 inter
877 3435 914 3496 se
929 3429 1002 3495 iure
1018 3429 1210 3514 disceptere
1227 3448 1331 3511 quarn

263 3545 366 3603 armis
385 3540 607 3616 contendere,
629 3538 929 3604 Lacedaemonem
951 3545 1013 3604 sue
1033 3549 1159 3623 sponte
1180 3547 1231 3603 est
1252 3557 1331 3620 pro·
1351 3561 1385 3609 30

263 3648 372 3714 iectus
387 3655 580 3732 piscemque
596 3649 685 3713 inter
700 3647 785 3712 duas
801 3648 1061 3730 potentissimis
1077 3647 1233 3713 civitetes
1249 3666 1331 3710 con-

264 3756 401 3824 ciiievit.
445 3760 541 3836 Post,
560 3778 673 3841 neque
691 3755 738 3821 ita
755 3756 878 3832 multo,
898 3755 1053 3839 Cyprum
1073 3777 1152 3821 curn
1172 3755 1331 3821 ducentis
