2992 4358
7 1406 20 1445 b

607 255 911 312 THEMISTOCLES
1253 254 1292 323 17
1351 319 1354 326 ¹

223 436 385 515 venisset,
407 435 471 502 sibi
494 457 568 502 esse
590 436 815 520 pereundum.
863 436 942 501 Hec
963 435 1167 503 necessitate
1190 442 1289 501 coac-

224 557 279 611 tus
298 545 441 611 domino
461 544 559 611 nevis
579 545 656 630 quis
676 545 719 611 sit
738 545 858 630 aperit,
879 546 988 611 multa
1007 545 1184 630 pollicens,
1206 551 1233 610 si
1253 550 1290 610 se

223 660 471 721 conservasset.
512 655 561 721 At
577 655 632 721 ille
647 654 824 720 clarissimi
840 654 903 719 viri
919 666 1039 738 captus
1056 653 1290 720 misericordie

223 763 314 830 diem
333 775 543 848 noctemque
561 765 683 849 procul
700 764 742 829 ab
760 764 873 829 insula
886 763 925 828 in
944 764 1016 829 salo
1035 769 1159 828 navem
1178 761 1289 829 tenuit

188 886 202 936 5
224 873 258 938 in
283 879 418 938 ancoris
443 894 557 957 neque
582 893 794 957 quemquam
820 895 864 938 ex
891 879 932 939 eii
958 878 1054 939 exire
1080 893 1200 956 passus
1226 881 1287 938 est.

223 981 309 1048 Inde
331 983 512 1066 Ephesum
533 982 691 1066 pervenit
712 981 828 1066 ibique
848 981 1110 1049 Themistoclen
1133 981 1287 1066 exponit.

224 1090 288 1157 Cui
306 1091 360 1158 ille
377 1097 441 1175 pre>
459 1092 589 1158 meritis
607 1097 728 1176 postea
746 1091 893 1176 gratiam
910 1091 1053 1157 rettulit.

291 1200 358 1266 IX.
394 1199 475 1267 Scio
509 1202 694 1285 pleresque
729 1200 777 1266 ita
809 1200 995 1284 scripsisse,
1030 1198 1288 1266 Themistoclen

223 1310 343 1376 Xerxe
364 1316 530 1395 regnante
551 1309 586 1374 in
608 1309 728 1375 Asiam
750 1316 921 1375 tremisse.
969 1308 1037 1376 Sed
1061 1331 1129 1394 ego
1151 1309 1288 1393 potissi-

170 1443 202 1481 ιο
221 1440 318 1485 mum
335 1419 531 1503 Thucydidi
546 1419 661 1498 credo,
679 1419 773 1504 quod
790 1431 823 1485 et
838 1425 952 1485 aetate
969 1418 1151 1503 proximus
1168 1419 1211 1484 de
1228 1423 1288 1495 eis,

220 1533 279 1610 qui
291 1527 429 1593 illorum
443 1538 642 1611 temporum
656 1527 835 1593 historiam
849 1529 1071 1611 reliquerunt,
1086 1537 1120 1593 et
1133 1526 1288 1592 eiusdem

222 1636 369 1701 civitatis
386 1635 460 1702 luit.
503 1637 538 1701 Is
555 1646 673 1703 autem
689 1637 736 1703 ait
754 1635 797 1702 ad
815 1637 1037 1702 Artaxerxen
1056 1656 1137 1702 eum
1155 1634 1289 1701 venisse

220 1755 323 1830 atque
339 1747 392 1812 his
409 1746 523 1812 verbis
541 1746 724 1830 epistulam
741 1745 887 1812 misisse:
907 1745 1191 1812 “Themistocles
1209 1750 1288 1811 veni

220 1854 264 1920 ad
284 1861 329 1934 te,
349 1860 408 1939 qui
428 1854 575 1939 plurima
594 1856 682 1921 mala
701 1855 860 1921 omnium
882 1855 1065 1923 Graiorum
1086 1855 1121 1920 in
1142 1854 1287 1920 domum

169 1990 199 2042 15
219 1974 315 2029 tuam
335 1963 447 2042 intuli,
468 1986 573 2048 quam
593 1965 652 2031 diu
672 1964 756 2030 mihi
777 1986 917 2032 neeesse
938 1964 1001 2030 fuit
1023 1963 1207 2030 adversum
1228 1984 1287 2048 pa·

219 2083 308 2140 trem
326 2084 426 2139 tuum
442 2074 569 2140 bellare
587 2074 801 2158 patriamque
819 2095 932 2140 meam
950 2073 1143 2140 defendere.
1186 2055 1287 2139 idem
1350 2070 1353 2075 ’

221 2184 332 2249 multe
351 2183 448 2267 plura
467 2183 559 2249 bona
576 2183 652 2261 leci,
672 2194 858 2267 postquam
879 2183 913 2248 in
933 2189 1011 2249 tuto
1031 2183 1103 2267 ipse
1124 2193 1158 2249 et
1178 2181 1233 2247 ille
1253 2182 1288 2247 in

220 2293 374 2376 periculo
394 2313 468 2359 esse
486 2292 616 2376 coepit;
636 2314 717 2359 nam
736 2314 816 2359 cum
836 2293 870 2357 in
889 2292 1010 2358 Asiam
1029 2298 1153 2357 reverti
1172 2291 1286 2368 vellet,

219 2400 354 2487 proelio
370 2402 461 2486 apud
477 2402 649 2469 Salamina
665 2402 768 2480 lacto,
786 2404 905 2468 litteris
923 2421 1004 2468 eum
1021 2402 1204 2467 certierem
1222 2401 1287 2467 leci

168 2539 201 2578 20
220 2511 254 2576 id
273 2518 331 2596 agi
352 2521 388 2577 ut
408 2518 507 2595 pons
528 2532 632 2596 quem
653 2511 687 2577 in
709 2511 942 2596 Hellesponti)
963 2511 1101 2589 fecerat,
1122 2511 1286 2577 dissolve-

220 2627 315 2687 retur
337 2631 441 2705 atque
463 2621 506 2687 ab
530 2621 688 2687 hostibus
713 2621 964 2699 circumiretur;
987 2626 1059 2704 quo
1083 2620 1206 2686 nuntie
1231 2619 1287 2686 ille

219 2731 373 2813 pen'culd
391 2741 443 2796 est
462 2731 634 2797 liberetus.
678 2730 782 2796 Nunc
800 2742 915 2797 autem
934 2730 1077 2815 cenfugi
1094 2730 1136 2795 ad
1154 2737 1189 2796 te
1207 2751 1287 2795 exa-

218 2839 351 2924 gitatus
366 2846 386 2905 a
401 2845 527 2907 cuncte
544 2839 696 2917 Graecia,
713 2851 808 2906 tuam
825 2846 947 2924 petens
963 2838 1150 2906 amicitiam
1157 2862 1164 2918 ;
1182 2860 1285 2923 quam

220 2955 248 3015 si
265 2954 325 3015 ero
341 2948 497 3032 adeptus,
516 2955 587 3014 nen
604 2949 720 3014 minus
737 2955 794 3015 me
811 2949 945 3014 bonum
964 2954 1115 3014 amicum
1134 2947 1285 3025 habebis,

168 3085 199 3136 25
221 3079 326 3142 quam
350 3058 476 3125 fortem
501 3058 680 3125 inimicum
706 3059 762 3124 ille
788 3069 953 3143 expertus
979 3068 1040 3125 est.
1090 3058 1141 3123 Te
1166 3067 1286 3124 autem

219 3171 321 3251 roge,
345 3177 383 3232 ut
408 3168 451 3232 de
475 3172 523 3232 eis
546 3167 659 3244 rebus
684 3173 770 3251 quas
793 3174 909 3233 tecum
934 3168 1086 3251 colloqui
1110 3168 1202 3244 vole),
1227 3188 1286 3232 an-

221 3295 329 3341 nuum
353 3275 438 3341 mihi
461 3286 599 3360 tempus
623 3275 684 3341 des
707 3282 820 3360 eoque
844 3282 1019 3342 transacto
1043 3275 1086 3342 ad
1110 3282 1145 3342 te
1170 3281 1286 3341 venire

221 3384 392 3468 patiaris.''

291 3492 336 3557 X.
359 3492 476 3558 Huius
494 3499 556 3558 rex
576 3492 681 3558 animi
702 3493 978 3578 magnitudinem
999 3493 1171 3560 admirans
1193 3492 1287 3576 cupi-

167 3631 201 3681 ³0
220 3608 351 3685 ensque
374 3602 479 3668 talem
500 3603 612 3667 virum
635 3602 698 3668 sibi
719 3602 893 3669 concilieri
915 3603 1052 3668 veniam
1074 3602 1177 3669 dedit.
1225 3601 1286 3668 Ille

221 3732 325 3778 omne
343 3713 426 3778 illud
443 3723 581 3797 tempus
598 3713 718 3779 litteris
736 3718 956 3796 sermonique
976 3713 1158 3778 Perserum
1176 3711 1287 3789 dedit;

220 3818 346 3904 quibus
364 3820 451 3886 adeo
469 3819 624 3887 eruditus
643 3831 705 3898 est,
725 3831 763 3886 ut
782 3820 894 3886 multo
914 3819 1134 3896 commodius
1153 3820 1288 3891 dicatur
