3020 4372
660 260 869 319 naumann
1255 245 1293 310 61

299 444 383 513 VII.
407 442 498 512 Cum
519 446 554 510 in
575 444 772 530 apparandb
794 444 960 511 acerrime
981 453 1071 510 esset
1093 448 1295 527 occupatus,

232 554 534 639 Carthaginienses
558 555 688 620 bellum
713 574 793 619 cum
819 553 988 619 Romanis
1013 557 1294 636 composuerunt.

232 664 294 730 Ille
321 663 429 729 nihilo
458 663 563 729 setius
591 662 758 729 exercitui
785 667 907 746 postea
934 660 1080 746 praefuit
1108 666 1230 743 resque
1260 657 1295 722 in

230 752 348 838 [africa
366 771 474 857 gessit
493 777 602 856 usque
620 770 663 836 ad
683 771 721 836 P.
742 769 934 854 Sulpicium
955 769 993 836 C.
1012 768 1194 834 Aurelium
1214 773 1296 833 con-

135 868 139 876 ’
195 881 331 947 ssules,
378 881 445 945 His
469 880 561 946 enim
582 879 842 964 magistratibus
864 879 970 963 legati
993 875 1296 961 Carthaginienses

229 989 379 1054 Romam
414 995 594 1067 venerunt,
630 993 690 1073 qui
725 993 858 1053 senatui
894 986 1095 1080 populoque
1132 985 1295 1050 Romano

231 1098 360 1182 gratias
390 1109 544 1184 agerent,
575 1097 671 1182 quod
703 1114 783 1162 cum
814 1102 862 1162 eis
893 1100 1016 1179 pacem
1047 1093 1218 1171 fecissent,
1249 1093 1295 1158 ob

231 1229 376 1291 eamque
398 1228 472 1274 rem
495 1214 624 1273 corana
647 1213 751 1274 aurea
773 1212 833 1273 eos
856 1205 1023 1271 donarent
1045 1203 1215 1286 simulque
1238 1222 1296 1285 pe-

231 1326 340 1383 terent
371 1326 408 1382 ut
439 1316 576 1383 obsides
607 1322 728 1382 ebrum
760 1313 928 1399 Fregellis
956 1322 1069 1380 essent
1101 1316 1296 1394 captivique

179 1454 211 1492 10
231 1424 466 1491 redderentur.
512 1425 579 1491 His
599 1448 643 1492 ex
664 1430 803 1491 senatus
823 1425 983 1490 censulta
1004 1427 1208 1505 responsum
1230 1429 1295 1486 est:

231 1539 358 1599 munus
377 1540 499 1600 ebrum
517 1540 658 1619 gratum
675 1543 928 1617 acceptumque
948 1553 1037 1610 esse;
1056 1528 1205 1607 obsides,
1225 1533 1296 1611 quo

231 1644 310 1709 loca
331 1650 505 1728 rogarent,
526 1644 677 1722 futuros;
699 1649 854 1728 captivos
874 1648 945 1708 non
966 1640 1179 1717 remissuros,
1201 1637 1297 1722 quod

233 1752 477 1832 Hannibalem,
498 1753 596 1818 cuius
616 1759 724 1836 opera
744 1762 944 1836 susceptum
965 1752 1094 1817 bellum
1114 1749 1213 1827 foret,
1235 1747 1297 1812 ini·

232 1861 457 1927 micissimum
479 1862 612 1927 nemini
635 1861 809 1939 Ramano,
834 1861 1024 1928 etiamnum
1048 1880 1128 1925 cum
1151 1856 1297 1941 imperia

180 1996 210 2046 15
231 1970 323 2054 apud
343 1971 533 2036 exercitum
555 1971 719 2036 haberent
735 1955 893 2053 ¹itemque
914 1969 1055 2035 fratrem
1076 1967 1149 2033 eius
1170 1967 1297 2049 Mago-

232 2100 320 2144 nem.
370 2079 452 2146 Hoc
474 2085 643 2164 respanso
667 2079 968 2164 Carthaginienses
992 2076 1139 2161 cognito
1163 2074 1296 2140 Hanni-

230 2188 344 2254 balem
359 2188 504 2254 domum
519 2199 553 2255 et
570 2189 762 2273 Magonem
778 2194 994 2254 revocarunt.
1035 2186 1118 2251 Huc
1133 2196 1170 2250 ut
1186 2181 1296 2260 rediit,

231 2303 293 2362 rex
307 2296 418 2362 factus
432 2307 494 2374 est,
510 2292 695 2381 postquam
710 2297 900 2381 imperator
911 2296 1022 2362 fuerat
1036 2300 1128 2361 anno
1143 2291 1297 2359 secundo

233 2414 268 2471 et
286 2405 538 2471 vicesima—ut
558 2405 650 2471 enim
671 2405 805 2471 Romae
826 2406 995 2482 consules,
1018 2410 1065 2469 sic
1087 2401 1296 2485 Carthagine

179 2541 212 2579 20
232 2521 416 2611 quotannis
436 2521 541 2581 annui
562 2515 635 2580 bini
656 2521 756 2599 reges
778 2514 994 2580 creabantur.
1042 2513 1083 2577 In
1107 2517 1149 2577 eo
1171 2510 1297 2594 magis-

232 2629 324 2690 tratu
345 2631 418 2707 pari
438 2623 616 2708 diligentie
637 2629 673 2689 se
695 2623 870 2689 Hannibal
890 2622 1047 2706 praebuit
1068 2643 1107 2686 ac
1128 2620 1240 2686 fuerat
1262 2619 1297 2683 in
1396 2661 1399 2667 -

231 2733 332 2798 bella.
373 2732 533 2816 Namque
549 2732 664 2801 effecit
680 2754 724 2798 ex
739 2739 838 2798 novis
852 2731 1081 2816 vectigalibus
1096 2735 1167 2794 non
1183 2729 1297 2794 selum

232 2851 269 2906 ut
287 2852 375 2907 esset
392 2841 549 2925 pecunia,
567 2863 655 2925 quae
673 2842 842 2911 Ramanis
860 2863 905 2907 ex
923 2840 1060 2906 foedere
1077 2838 1296 2922 penderetur,

153 3000 156 3003 -
233 2950 292 3015 sed
327 2950 430 3017 etiam
466 2961 670 3034 superesset,
705 2970 794 3034 quae
827 2949 862 3014 in
895 2949 1027 3015 aerario
1062 2952 1295 3031 repaneretur.

180 3082 210 3132 25
234 3058 372 3125 Deinde
395 3059 444 3124 M.
470 3058 615 3125 Claudia
639 3058 679 3124 L.
704 3058 810 3124 Furio
832 3057 1030 3124 cansulibus
1054 3058 1169 3123 Rama
1191 3057 1298 3139 legati

234 3167 481 3257 Carthaginem
507 3174 685 3233 venerunt.
736 3167 816 3233 Hos
842 3166 1016 3232 Hannibal
1042 3176 1134 3231 ratus
1160 3171 1212 3230 sui
1237 3186 1297 3229 ex-

232 3276 399 3360 poscendi
416 3276 530 3361 gratia
548 3276 682 3353 missos,
703 3276 903 3359 priusquam
923 3282 972 3341 eis
991 3280 1130 3341 senatus
1149 3274 1297 3349 daretur,

232 3391 358 3451 navem
381 3385 534 3451 ascendit
557 3386 646 3450 clam
669 3395 774 3469 atque
798 3384 833 3448 in
857 3383 990 3468 Syriam
1014 3383 1056 3448 ad
1081 3382 1296 3447 Antiochum

232 3494 393 3579 perfugit.
439 3494 518 3560 Hac
538 3499 574 3560 re
594 3494 706 3578 palam
726 3494 815 3560 facta
836 3494 946 3559 Poeni
966 3497 1071 3558 naves
1092 3492 1186 3568 duas,
1209 3510 1296 3573 quae

180 3626 212 3675 30
233 3625 313 3670 eum
336 3602 681 3687 comprehenderent,
704 3609 731 3668 si
753 3613 894 3686 possent
917 3605 1094 3686 cansequi,
1119 3605 1296 3675 miserunt,

232 3713 324 3779 bona
344 3713 418 3779 eius
440 3713 671 3797 publicarunt,
694 3712 839 3778 domum
860 3718 881 3778 a
901 3711 1134 3802 fundamentis
1157 3707 1297 3778 disiece-

233 3830 324 3900 runt,
345 3821 458 3906 ipsum
478 3814 635 3888 exsulem
656 3821 859 3886 iudicarunt.
