2992 4358
531 282 535 289 .
616 233 857 311 ALCIBIADES
1227 238 1266 302 33

199 414 319 480 niundi
340 413 515 479 habuisset
537 418 757 498 potestatem.
805 413 896 478 Nam
918 412 1049 498 Cyrum
1071 413 1211 480 fratrem
1235 419 1266 480 ei

199 524 328 591 bellum
352 524 441 588 clam
463 528 583 607 parare
607 522 892 588 Lacedaemoniis
916 521 1158 587 adiuvantibus
1182 521 1266 588 scie-

199 634 270 711 bat;
301 632 335 697 id
366 638 394 696 si
424 630 624 716 aperuisset,
656 636 820 715 magnam
852 637 889 696 se
919 631 1086 696 initurum
1117 631 1265 716 gratiam

199 742 347 808 videbat.

164 872 178 922 5
267 851 313 916 X.
331 850 413 916 Huc
427 850 704 944 cumtmeliretur
719 860 923 934 peteretque
938 856 958 915 a
975 849 1211 927 Phamabazu‚
1228 861 1266 914 ut

198 960 240 1026 ad
258 967 377 1045 regem
397 961 604 1038 mitteretur,
624 959 749 1026 eedem
769 969 927 1043 tempore
948 958 1072 1025 Critias
1092 964 1266 1041 ceterique

197 1075 332 1154 tyranni
347 1069 615 1134 Atheniensium
631 1074 744 1134 certes
760 1069 919 1133 homines
934 1067 977 1133 ad
995 1067 1214 1152 Lysandrum
1230 1066 1266 1131 in

198 1179 317 1244 Asiam
335 1184 511 1255 miserant,
530 1184 589 1262 qui
608 1198 689 1244 eum
708 1176 891 1243 certiurem
910 1176 1071 1255 lacerent,
1090 1176 1154 1241 nisi
1172 1174 1265 1241 Alci-

197 1270 334 1354 biadem
352 1287 557 1365 sustulisset,
576 1287 659 1352 nihil
678 1293 796 1353 earum
813 1293 928 1352 rerum
947 1285 1020 1352 lore
1037 1297 1160 1363 ratum,
1180 1291 1265 1369 quas

147 1433 179 1468 10
198 1397 270 1481 ipse
286 1397 434 1462 Athenis
450 1395 701 1474 cunstituisset;
718 1402 835 1480 quare,
852 1402 880 1461 si
897 1401 975 1461 suas
992 1401 1045 1460 res
1061 1401 1177 1479 gestas
1194 1415 1266 1459 ma-

197 1512 279 1572 nere
295 1505 407 1583 vellet,
423 1504 520 1570 illum
536 1511 812 1590 persequeretur.
854 1505 921 1570 His
940 1504 1035 1569 Lacu
1051 1505 1154 1569 rebus
1171 1524 1265 1569 com-

198 1621 316 1681 mutus
342 1614 461 1680 statuit
488 1614 681 1680 accuratius
709 1614 773 1681 sibi
801 1615 978 1699 agendum
1006 1634 1087 1679 cum
1115 1613 1266 1678 Pharna-

197 1725 295 1790 baze.
336 1724 430 1789 Huic
446 1729 531 1808 erge
547 1723 723 1790 renuntiat
739 1744 828 1808 quae
844 1729 919 1808 regi
935 1744 1015 1789 cum
1033 1722 1266 1815 Lacedaem07

197 1834 262 1900 niis
280 1833 535 1910 convenissent,
554 1832 854 1899 nisiAlcibiadem
872 1839 990 1898 vivum
1008 1843 1067 1898 aut
1087 1841 1266 1897 mortuum

148 1976 177 2026 15
198 1943 262 2009 sibi
280 1942 485 2009 tradidisset.
532 1942 616 2007 Nun
633 1920 721 2008 iulii
736 1942 803 2007 hec
824 1947 976 2026 satrapes
997 1952 1030 2007 et
1051 1940 1179 2007 violare
1200 1941 1266 2006 cle-

198 2051 364 2119 mentiam
383 2072 489 2136 quam
508 2051 599 2136 regis
619 2057 704 2136 opes
723 2051 833 2116 minui
851 2051 982 2116 maluit.

269 2163 391 2246 Itaque
412 2162 505 2227 misit
529 2161 769 2227 Susamithren
792 2170 825 2226 et
849 2161 1030 2244 Bagaeum
1052 2159 1095 2224 ad
1117 2156 1266 2223 Alcibia-

198 2272 279 2339 dem
300 2271 589 2348 interficiendum,
612 2292 692 2336 cum
714 2270 769 2335 ille
792 2280 882 2335 esset
902 2269 937 2334 in
959 2267 1112 2352 Phrygia
1132 2267 1265 2350 iterque
1331 2276 1332 2280 ’

199 2383 241 2447 ad
267 2388 388 2466 regem
413 2386 639 2465 compararet.
691 2380 790 2444 Missi
816 2379 904 2444 clam
931 2377 1108 2455 vicinitati,
1136 2376 1171 2442 in
1197 2381 1267 2461 qua

147 2522 179 2560 20
198 2500 273 2555 tum
288 2488 485 2554 Alcibiades
501 2498 584 2565 erat,
600 2487 684 2553 dant
699 2486 883 2571 negutium
900 2497 937 2552 ut
954 2506 1033 2552 eum
1051 2483 1264 2550 interficiant.

200 2599 254 2664 Illi
274 2620 354 2664 cum
374 2599 464 2663 ferre
484 2597 629 2682 aggredi
649 2603 720 2662 nen
741 2597 918 2674 auderent,
940 2600 1047 2661 noctu
1069 2594 1163 2679 ligna
1185 2614 1266 2659 con-

183 2708 352 2773 tulerunt
380 2706 469 2772 circa
498 2728 611 2772 casam
641 2727 727 2784 eam,
757 2705 791 2770 in
820 2711 889 2790 qua
917 2704 1125 2789 quiescebat,
1156 2723 1266 2787 eaque

199 2818 461 2895 succenderunt,
497 2829 535 2883 ut
568 2816 729 2882 incendia
765 2815 987 2891 cunficerent,
1022 2835 1126 2898 quem
1162 2817 1265 2877 manu

199 2931 352 3011 superari
371 2947 474 3009 posse
494 2924 708 2991 diffidebant.
755 2924 817 2989 Ille
837 2933 954 2989 autem
975 2933 1013 2988 ut
1034 2921 1150 2988 sonitu
1170 2921 1266 2986 flam-

146 3067 177 3118 25
199 3056 276 3102 mae
295 3045 345 3101 est
364 3035 547 3112 excitatus,
568 3040 631 3100 etsi
651 3033 786 3118 gladius
806 3039 837 3098 ei
856 3043 928 3099 erat
948 3031 1149 3108 subductus,
1170 3030 1266 3095 fami-

198 3145 289 3211 liaris
306 3151 359 3210 sui
376 3146 532 3210 subalare
549 3145 657 3210 telum
675 3142 810 3226 eripuit.
855 3141 1017 3224 Namque
1036 3151 1107 3206 erat
1126 3161 1206 3205 cum
1224 3145 1266 3205 eu

200 3254 341 3339 quidam
369 3276 413 3320 ex
440 3254 589 3320 Arcadia
616 3253 753 3337 hospes,
782 3258 842 3335 qui
870 3271 1061 3333 numquam
1089 3248 1266 3313 discedere

199 3365 363 3431 voluerat.
406 3364 512 3429 Hunc
529 3369 627 3447 sequi
644 3362 791 3428 se'iubet
811 3372 845 3427 et
862 3360 896 3424 id
912 3359 1008 3443 quod
1025 3358 1060 3422 in
1075 3356 1266 3441 praesentia

199 3479 488 3539 vestimenturum
517 3471 581 3537 luit
610 3471 737 3555 arripit.
791 3470 859 3535 His
888 3469 923 3533 in
949 3475 1071 3552 ignem
1100 3465 1266 3531 coniectis

146 3618 179 3667 ³0
200 3583 357 3648 flammae
386 3582 457 3647 vim
488 3581 631 3647 transiit.
688 3579 805 3664 Quem
836 3589 874 3644 ut
904 3577 1037 3643 barbari
1068 3574 1266 3641 incendium

202 3691 366 3776 effugisse
398 3691 569 3767 viderunt,
601 3690 677 3755 telis
710 3688 844 3753 eminus
877 3686 988 3749 missis
1023 3683 1266 3749 interfecerunt

200 3811 373 3891 caputque
388 3800 520 3870 eiusad
535 3798 797 3869 Pharnabazum
812 3794 1029 3866 rettulerunt.
1069 3792 1119 3864 At
1134 3789 1266 3870 mulier,
